<ENVELOPE>
 <HEADER>
  <TALLYREQUEST>Import Data</TALLYREQUEST>
 </HEADER>
 <BODY>
  <IMPORTDATA>
   <REQUESTDESC>
    <REPORTNAME>All Masters</REPORTNAME>
    <STATICVARIABLES>
     <SVCURRENTCOMPANY>Demo Trading Co</SVCURRENTCOMPANY>
    </STATICVARIABLES>
   </REQUESTDESC>
   <REQUESTDATA>
    <TALLYMESSAGE xmlns:UDF="TallyUDF">
     <VOUCHER REMOTEID="4f4b301a-1b53-4744-b942-cc755b053d67-00000001" VCHKEY="4f4b301a-1b53-4744-b942-cc755b053d67-0000b2b3:00000008" VCHTYPE="Sales" ACTION="Create" OBJVIEW="Invoice Voucher View">
      <OLDAUDITENTRYIDS.LIST TYPE="Number">
       <OLDAUDITENTRYIDS>-1</OLDAUDITENTRYIDS>
      </OLDAUDITENTRYIDS.LIST>
      <VATREGISTRATIONDATE/>
      <CSTREGISTRATIONDATE/>
      <FROMDATE/>
      <TODATE/>
      <ACTIVETO/>
      <ALTEREDON/>
      <DATE>20250401</DATE>
      <LUTDATEOFISSUE/>
      <LUTEXPIRYDATE/>
      <BONDDATEOFISSUE/>
      <BONDEXPIRYDATE/>
      <TAXCHEQUEDATE/>
      <TAXCHALLANDATE/>
      <REFERENCEDATE/>
      <SHIPPINGBILLDATE/>
      <BILLOFENTRYDATE/>
      <VATPARTYTRANSRETURNDATE/>
      <ORIGINALVCHDATE/>
      <ISDDOCUMENTDATE/>
      <IRNCANCELDATE/>
      <IRNACKDATE/>
      <RECONCILATIONDATE/>
      <FORM16ISSUEDATE/>
      <CSTFORMISSUEDATE/>
      <CSTFORMRECVDATE/>
      <CERTIFICATEDATE/>
      <TRADERMFGRINVOICEDT/>
      <FBTFROMDATE/>
      <FBTTODATE/>
      <RETURNINVOICEDATE/>
      <AGGREMENTORDERDATE/>
      <GOODSRCPTDATE/>
      <LORRYRECPTDATE/>
      <TRANSSALELANDINGDATE/>
      <TRANSBUYERLANDINGDATE/>
      <CREDITLETTERDATE/>
      <AIRWAYBILLDATE/>
      <VATORDERDATE/>
      <INVDELIVERYDATE/>
      <BILLOFLADINGDATE/>
      <VATDEPOSITDATE/>
      <VATDOCUMENTDATE/>
      <VATCHALLANDATE/>
      <ECDATE/>
      <VATTDSDATE/>
      <ADJFROMDATE/>
      <ADJTODATE/>
      <VATDDCHEQUEDATE/>
      <VATDUEDATE/>
      <VATINTDATE/>
      <VATDELAY/>
      <VATGRNDATE/>
      <REFUNDORDERDT/>
      <VATFORMSUBMISSIONDATE/>
      <VATCANCSALESINVOICEDATE/>
      <VATFORMTWELVEDATE/>
      <UTKAGREEORDDATE/>
      <UTKGOODSDELDATE/>
      <VATBILTYDATE/>
      <EIDESPDATE/>
      <VATCSTE1SERIESDATE/>
      <VCHVATDEPOSITDATE/>
      <VCHREFERENCEDATE/>
      <TAXPAYPERIODFROMDATE/>
      <TAXPAYPERIODTODATE/>
      <STTAXCHALLANDATE/>
      <GSTCHALLANDATE/>
      <GSTCHALLANEXPIRYDATE/>
      <ADJPARTYINVOICEDATE/>
      <ADJPARTYPAYMENTDATE/>
      <PARTYORDERDATE/>
      <ADVANCERECEIPTDATE/>
      <REFUNDVOUCHERDATE/>
      <VCHSTATUSDATE>20250401</VCHSTATUSDATE>
      <PAYMENTLINKEXPIRYDATE/>
      <VATSUBMISSIONDATE/>
      <PARTYINVDATE/>
      <INSPDOCDATE/>
      <VATCANCINVDATE/>
      <VATGOODSRECEIPTDATE/>
      <VATCSTE1DATE/>
      <DISPATCHDATE/>
      <AUDITEDON/>
      <GUID>4f4b301a-1b53-4744-b942-cc755b053d67-00000001</GUID>
      <VATDISTRICTNAME/>
      <GSTREGISTRATIONTYPE>Regular</GSTREGISTRATIONTYPE>
      <VATDEALERTYPE>Regular</VATDEALERTYPE>
      <STATENAME/>
      <PRICELEVEL/>
      <TDSNATUREOFPAYMENT/>
      <AUTOCOSTLEVEL/>
      <PURPOSETYPE/>
      <NARRATION/>
      <ENTEREDBY/>
      <ALTEREDBY/>
      <TYPEOFUPDATEACTIVITY/>
      <OBJECTUPDATEACTION/>
      <REQUESTORRULE/>
      <COUNTRYOFRESIDENCE>India</COUNTRYOFRESIDENCE>
      <IMPORTEREXPORTERCODE/>
      <PARTYGSTIN/>
      <VATDEALERNATURE/>
      <NATUREOFSALES/>
      <EXCISENOTIFICATIONNO/>
      <PLACEOFSUPPLY/>
      <LUTNUMBER/>
      <BONDNUMBER/>
      <AUTHORITYNAME/>
      <AUTHORITYADDRESS/>
      <TAXUNITNAME/>
      <ITEMSTATE/>
      <EXCISEUNITNAME/>
      <VOUCHERTYPENAME>Sales</VOUCHERTYPENAME>
      <CLASSNAME/>
      <POSCARDLEDGER/>
      <POSCASHLEDGER/>
      <POSGIFTLEDGER/>
      <POSCHEQUELEDGER/>
      <SECTIONNAME/>
      <EXCISECLASSIFICATIONNAME/>
      <TDSSECTIONNO/>
      <TDSDEDNSTATUS/>
      <TAXBANKCHALLANNUMBER/>
      <TAXCHALLANBSRCODE/>
      <TAXCHEQUENUMBER/>
      <TAXBANKNAME/>
      <TAXBANKBRANCHNAME/>
      <PARTYNAME>Rajesh Traders</PARTYNAME>
      <GSTREGISTRATION/>
      <CMPGSTIN/>
      <RETURNNAME/>
      <ECOMMERCEGSTIN/>
      <PARTYLEDGERNAME>Rajesh Traders</PARTYLEDGERNAME>
      <VOUCHERNUMBER>1</VOUCHERNUMBER>
      <TAXADJUSTMENT/>
      <BUYERADDRESSTYPE/>
      <PORTCODE/>
      <SHIPPINGBILLNO/>
      <BILLOFENTRYNO/>
      <VATPARTYTRANSRETURNNUMBER/>
      <BASICBUYERNAME>Rajesh Traders</BASICBUYERNAME>
      <CMPGSTREGISTRATIONTYPE/>
      <URDORIGINALSALEVALUE/>
      <GSTNATUREOFRETURN/>
      <ORIGINALVCHNUMBER/>
      <ISDDOCUMENTNUMBER/>
      <TAXPAYMENTTYPE/>
      <STATPAYMENTTYPE/>
      <GSTADDITIONALDETAILS/>
      <REFERENCE/>
      <GSTITCDOCUMENTTYPE/>
      <PARTYMAILINGNAME>Rajesh Traders</PARTYMAILINGNAME>
      <PARTYPINCODE/>
      <IRN/>
      <IRNCANCELREASON/>
      <IRNCANCELCODE/>
      <BILLTOPLACE/>
      <DISPATCHFROMNAME/>
      <DISPATCHFROMSTATENAME/>
      <DISPATCHFROMPINCODE/>
      <DISPATCHFROMPLACE/>
      <SHIPTOPLACE/>
      <CONSIGNEEGSTIN/>
      <CONSIGNEEMAILINGNAME>Rajesh Traders</CONSIGNEEMAILINGNAME>
      <CONSIGNEEPINCODE/>
      <CONSIGNEESTATENAME/>
      <CMPGSTSTATE/>
      <IRNQRCODE/>
      <CONSIGNEECOUNTRYNAME>India</CONSIGNEECOUNTRYNAME>
      <PARTYADDRESSTYPE/>
      <GSTSUPPLYTYPE/>
      <IRNACKNO/>
      <IRNIRPSOURCE/>
      <REMARKS/>
      <BASICBASEPARTYNAME>Rajesh Traders</BASICBASEPARTYNAME>
      <BASICVOUCHERCHEQUENAME/>
      <BASICVOUCHERCROSSCOMMENT/>
      <EXCHGCURRENCYNAME/>
      <SERIALMASTER/>
      <SERIALNUMBER/>
      <STATADJUSTMENTTYPE/>
      <CONSIGNEEIECODE/>
      <SUPPLIERIECODE/>
      <ARESERIALMASTER/>
      <ARESERIALNUMBER/>
      <SUMAUTOVCHNUM/>
      <VCHRETAINEDPURPOSE/>
      <NUMBERINGSTYLE>Auto Retain</NUMBERINGSTYLE>
      <OPBALANCEUSEDFOR/>
      <TAXBANKACCOUNTNUMBER/>
      <TDSADJUSTMENTTYPE/>
      <CSTFORMISSUETYPE>&#4; Not Applicable</CSTFORMISSUETYPE>
      <CSTFORMISSUENUMBER/>
      <CSTFORMRECVTYPE>&#4; Not Applicable</CSTFORMRECVTYPE>
      <CSTFORMRECVNUMBER/>
      <CONSIGNEECSTNUMBER/>
      <BUYERSCSTNUMBER/>
      <CSTFORMISSUESERIESNUM/>
      <CSTFORMRECVSERIESNUM/>
      <EXCISETREASURYNUMBER/>
      <EXCISETREASURYNAME/>
      <CERTIFICATETYPE/>
      <CERTIFICATENUMBER/>
      <AREFORMTYPE/>
      <DESTINATIONTAXUNIT/>
      <TRADERCONSVATTINNO/>
      <TRADERCONSEXCISEREGNNO/>
      <TRADERCONSRANGE/>
      <TRADERCONSDIVISION/>
      <TRADERCONSCOMMISSIONERATE/>
      <TRADERSUPPEXCISEREGNNO/>
      <TRADERSUPPRANGE/>
      <TRADERSUPPDIVISION/>
      <TRADERSUPPCOMMISSIONERATE/>
      <TRADERMFGREXCISEREGNNO/>
      <TRADERMFGRRANGE/>
      <TRADERMFGRDIVISION/>
      <TRADERMFGRCOMMISSIONERATE/>
      <TRADERMFGRNAME/>
      <TRADERMFGRINVOICENO/>
      <FBTPAYMENTTYPE>Default</FBTPAYMENTTYPE>
      <POSCARDNUMBER/>
      <POSCHEQUENUMBER/>
      <POSCHEQUEBANKNAME/>
      <CHALLANTYPE/>
      <CHEQUEDEPOSITORNAME/>
      <EXCISENOTIFICATIONSERIALNO/>
      <PERSISTEDVIEW>Invoice Voucher View</PERSISTEDVIEW>
      <EXCISETARIFFTYPE/>
      <CONSIGNEELBTREGNNO/>
      <CONSIGNEELBTZONE/>
      <SUPPLIERLBTREGNNO/>
      <SUPPLIERLBTZONE/>
      <LBTMAPPEDCATEGORY/>
      <LBTMAPPEDZONE/>
      <LBTNATUREOFLIABILITY/>
      <CASHPARTYPAN/>
      <CASHPARTYDEDTYPE/>
      <VCHTAXTYPE/>
      <TCSADJUSTMENTTYPE/>
      <PURPOSEOFPURCHASE/>
      <POINTOFTRANSACTION/>
      <TRANSPORTERNAME/>
      <TRANSPORTMODE/>
      <AGGREMENTORDERNO/>
      <FOREIGNSELLERNAME/>
      <EXPORTERCOUNTRY/>
      <GOODSVEHICLENUMBER/>
      <SHIPNAME/>
      <SHIPAGENTNAME/>
      <CLEARINGAGENTNAME/>
      <LORRYRECPTNO/>
      <CARRIERNAME/>
      <CREDITLETTERREF/>
      <AIRWAYBILLNO/>
      <FWDAGENTNAME/>
      <VATORDERNO/>
      <VATSELLERTIN/>
      <TRANSSOURCEPLACE/>
      <TRANSCATEGORY/>
      <VATDOCUMENTTYPE/>
      <VATTRANSBILLQTY/>
      <VATTRANSBILLNO/>
      <BILLOFLADINGNO/>
      <VATPAIDAGAINST/>
      <VATBANKNAME/>
      <VATBANKBRANCH/>
      <VATDDCHEQUENO/>
      <VATADJUSTMENTTYPE/>
      <VATFORMSTATUS/>
      <VATDOCUMENTNUMBER/>
      <VATSOURCESTATE/>
      <VATDESTINATIONSTATE/>
      <VATDESTINATIONPLACE/>
      <VATPARTYORGTYPE/>
      <VATPARTYTYPE/>
      <VATCHALLANNUMBER/>
      <VATDESIGOFPURCHASER/>
      <VATPURCHASERCPTTYPE/>
      <VATGOODSRCPTNO/>
      <VATPARTYORGNAME/>
      <AIRPORTNAME/>
      <TDNOFAWARDER/>
      <ECNUMBER/>
      <ECISSUINGAUTHORITY/>
      <CONTRACTORTIN/>
      <VATTDSBARCODE/>
      <VATPYMTMODEOFDEPOSIT/>
      <VATPYMTTAXDESC/>
      <VATBANKACCNUMBER/>
      <VATBRANCHCODE/>
      <VATTRANSSOURCE/>
      <VATADJADDLDETAILS/>
      <VATBRANCHNAME/>
      <PRIORITYSTATECONFLICT/>
      <EICHECKPOST/>
      <PORTNAME/>
      <VATEFORMAPPLICABLE/>
      <VATEFORMAPPLICABLENO/>
      <VATINCOURSEOF/>
      <VATDISPATCHTIME/>
      <VATTRANSPORTERADDRESS/>
      <VATCONTRACTEETDN/>
      <VATCONTRACTEEDISTRICT/>
      <VATCONTRACTEENAME/>
      <CONSUMERIDENTIFICATIONNUMBER/>
      <VATVCHRHANDLE/>
      <VATCHALLANNO/>
      <TAXINVOICENO/>
      <VATTREASURY/>
      <VATTYPE/>
      <VATISSUEBANK/>
      <BOOKNUMBER/>
      <VATCHALLANAGAINST/>
      <VATPAYMENTMODE/>
      <VATDEMANDPURPOSE/>
      <VATFORM38NO/>
      <VATCUSTOMSENTRYNO/>
      <VATPARTNERNAME/>
      <VATDRIVERADDRESS/>
      <VATSOURCEDISTRICT/>
      <VATDESTINATIONDISTRICT/>
      <VATLICENSESTATE/>
      <VATVEHICLENO/>
      <VATWAYBILLNUMBER/>
      <VATCHECKPOSTNAME/>
      <VATCANCSALESINVOICENO/>
      <VATCANCSALESPARTYNAME/>
      <VATCANCSALESPARTYCSTTIN/>
      <VATFORMTWELVENO/>
      <UTKAGREEORDNO/>
      <UTKTRNSPORTCMPNAME/>
      <UTKTRANSPORTMODE/>
      <UTKTRANSPORTVEHNO/>
      <VATBILTYNO/>
      <VATFORM49NO/>
      <VATCATEGORYTYPE/>
      <VATWAYBILLQTY/>
      <VCHVATDOCUMENTTYPE/>
      <REFUNDORDERNO/>
      <VATPURPOSECODE/>
      <VATDESCRIPTION/>
      <DEPOTNAME/>
      <CMPTYPEOFDEVICE/>
      <CMPDEVICENO/>
      <VATBANK/>
      <VATBRANCH/>
      <VATDRAFTCHEQUENO/>
      <VATWCDESC/>
      <VATCHECKPOST/>
      <VATCSTE1SERIESNUMBER/>
      <VATCSTE1SERIALNUMBER/>
      <BUYERPINNO/>
      <CONSIGNEEPINNO/>
      <VATEXEMPTCERTIFINO/>
      <VATWAYBILLNO/>
      <VATBRIEFDESC/>
      <VATEXPORTENTRYNUMBER/>
      <STTVCHRHANDLE/>
      <SRVTREGNUMBER/>
      <STTAXBANKCHALLANNUMBER/>
      <TYPEOFEXCISEVOUCHER/>
      <GSTBANKNAME/>
      <GSTBANKACCOUNTNUMBER/>
      <GSTBANKACCOUNTTYPE/>
      <GSTBANKACCOUNTHOLDER/>
      <GSTBANKBRANCHADDRESS/>
      <GSTBANKIFSCCODE/>
      <GSTBANKMICRCODE/>
      <GSTDEBITDOCNUMBER/>
      <GSTPYMTMODEOFDEPOSIT/>
      <GSTBANKBRANCHNAME/>
      <GSTINSTRUMENTNUMBER/>
      <GSTCHALLANNUMBER/>
      <GSTCPINNUMBER/>
      <GSTCINNUMBER/>
      <ADJPARTYGSTIN/>
      <ADJPARTYINVOICENO/>
      <GSTMERCHANTID/>
      <PARTYORDERNO/>
      <GSTITCREVERSALDETAILS/>
      <GSTACTIVITYSTATUS/>
      <GSTRECONSTATUS/>
      <GSTREASONFORREJECTION/>
      <ADVANCERECEIPTNUMBER/>
      <REFUNDVOUCHERNUMBER/>
      <GSTNATURE/>
      <VCHTAXUNIT/>
      <DISPATCHFROMADDRESSTYPE/>
      <VCHSTATUSTAXADJUSTMENT>Default</VCHSTATUSTAXADJUSTMENT>
      <VCHSTATUSVOUCHERTYPE>Sales</VCHSTATUSVOUCHERTYPE>
      <VCHSTATUSTAXUNIT/>
      <PAYMENTLINK/>
      <BASICSHIPPEDBY/>
      <BASICDESTINATIONCOUNTRY/>
      <BASICPLACEOFRECEIPT/>
      <BASICSHIPDOCUMENTNO/>
      <BASICPORTOFLOADING/>
      <BASICPORTOFDISCHARGE/>
      <BASICFINALDESTINATION/>
      <BASICORDERREF/>
      <BASICSHIPVESSELNO/>
      <BASICBUYERSSALESTAXNO/>
      <BASICDUEDATEOFPYMT/>
      <BASICSERIALNUMINPLA/>
      <BASICDATETIMEOFINVOICE/>
      <BASICDATETIMEOFREMOVAL/>
      <MFGRADDRESSTYPE/>
      <TRANSPORTERADDRROOM/>
      <TRANSPORTERADDRBLDG/>
      <TRANSPORTERADDRROAD/>
      <TRANSPORTERADDRAREA/>
      <TRANSPORTERADDRTOWN/>
      <TRANSPORTERADDRDIST/>
      <TRANSPORTERADDRSTATE/>
      <TRANSPORTERADDRPINCODE/>
      <TRANSPORTERADDRPHONE/>
      <TRANSPORTERADDRFAX/>
      <TRANSPORTERVEHICLE2/>
      <TRANSPORTLOCALTIN/>
      <VATCFORMISSUESTATE/>
      <PLACEOFSUPPLYSTATE/>
      <PLACEOFSUPPLYCOUNTRY/>
      <EMIRATEPOS/>
      <VCHGSTCLASS>&#4; Not Applicable</VCHGSTCLASS>
      <COSTCENTRENAME/>
      <ADDITIONALNARRATION/>
      <PARTYINVNO/>
      <INSPDOCNO/>
      <SETTLEMENTTYPE/>
      <VOUCHERTIME/>
      <HOLDREFERENCE/>
      <VATCANCINVNO/>
      <VATCANCPURCTIN/>
      <VATCANCPURCNAME/>
      <VATTYPEOFDEVICE/>
      <VATBRIEFDESCRIPTION/>
      <VATDEVICENO/>
      <BUYERPINNUMBER/>
      <VATEXPORTENTRYNO/>
      <CONSIGNEEPINNUMBER/>
      <VATEXEMPTCERTIFICATENO/>
      <VATVEHICLENUMBER/>
      <VATGOODSRECEIPTNUMBER/>
      <VATMOBILENUMBER/>
      <VATCSTE1SERIESNO/>
      <VATCSTE1SERIALNO/>
      <VATPERMITFORM/>
      <VATCERTIFICATENO/>
      <CONSIGNEECIRCLE/>
      <CONSIGNEECITY/>
      <CONSIGNEEMOBILENUMBER/>
      <CONSIGNEEOTHERS/>
      <CONSIGNEEMAIL/>
      <DELIVERYCITY/>
      <DELIVERYPINCODE/>
      <DELIVERYOTHERS/>
      <DELIVERYSTATE/>
      <DISPATCHCITY/>
      <DISPATCHPINCODE/>
      <DESTINATIONPERMITNUMBER/>
      <ENTRYCHECKPOSTLOCATION/>
      <EXITCHECKPOSTLOCATION/>
      <VATTDSDEDUCTORNAME/>
      <VCHENTRYMODE>Item Invoice</VCHENTRYMODE>
      <ISDDCNOTEDOCNUMBER/>
      <OPENINGVCHFOR/>
      <VOUCHERTYPEORIGNAME/>
      <DOCUMENTID/>
      <EXCHANGEPURPOSE/>
      <DIFFACTUALQTY>No</DIFFACTUALQTY>
      <ISMSTFROMSYNC>No</ISMSTFROMSYNC>
      <ISDELETED>No</ISDELETED>
      <ISSECURITYONWHENENTERED>No</ISSECURITYONWHENENTERED>
      <ASORIGINAL>No</ASORIGINAL>
      <AUDITED>No</AUDITED>
      <ISCOMMONPARTY>No</ISCOMMONPARTY>
      <FORJOBCOSTING>No</FORJOBCOSTING>
      <ISOPTIONAL>No</ISOPTIONAL>
      <EFFECTIVEDATE>20250401</EFFECTIVEDATE>
      <USEFOREXCISE>No</USEFOREXCISE>
      <ISFORJOBWORKIN>No</ISFORJOBWORKIN>
      <ALLOWCONSUMPTION>No</ALLOWCONSUMPTION>
      <USEFORINTEREST>No</USEFORINTEREST>
      <USEFORGAINLOSS>No</USEFORGAINLOSS>
      <USEFORGODOWNTRANSFER>No</USEFORGODOWNTRANSFER>
      <USEFORCOMPOUND>No</USEFORCOMPOUND>
      <USEFORSERVICETAX>No</USEFORSERVICETAX>
      <ISREVERSECHARGEAPPLICABLE>No</ISREVERSECHARGEAPPLICABLE>
      <ISSYSTEM>No</ISSYSTEM>
      <ISFETCHEDONLY>No</ISFETCHEDONLY>
      <ISGSTOVERRIDDEN>No</ISGSTOVERRIDDEN>
      <ISCANCELLED>No</ISCANCELLED>
      <ISONHOLD>No</ISONHOLD>
      <ISSUMMARY>No</ISSUMMARY>
      <ISECOMMERCESUPPLY>No</ISECOMMERCESUPPLY>
      <ISBOENOTAPPLICABLE>No</ISBOENOTAPPLICABLE>
      <ISGSTSECSEVENAPPLICABLE>No</ISGSTSECSEVENAPPLICABLE>
      <IGNOREEINVVALIDATION>No</IGNOREEINVVALIDATION>
      <CMPGSTISOTHTERRITORYASSESSEE>No</CMPGSTISOTHTERRITORYASSESSEE>
      <PARTYGSTISOTHTERRITORYASSESSEE>No</PARTYGSTISOTHTERRITORYASSESSEE>
      <IRNJSONEXPORTED>No</IRNJSONEXPORTED>
      <IRNCANCELLED>No</IRNCANCELLED>
      <IGNOREGSTCONFLICTINMIG>No</IGNOREGSTCONFLICTINMIG>
      <ISOPBALTRANSACTION>No</ISOPBALTRANSACTION>
      <IGNOREGSTFORMATVALIDATION>No</IGNOREGSTFORMATVALIDATION>
      <ISELIGIBLEFORITC>Yes</ISELIGIBLEFORITC>
      <IGNOREGSTOPTIONALUNCERTAIN>No</IGNOREGSTOPTIONALUNCERTAIN>
      <UPDATESUMMARYVALUES>No</UPDATESUMMARYVALUES>
      <ISEWAYBILLAPPLICABLE>No</ISEWAYBILLAPPLICABLE>
      <ISDELETEDRETAINED>No</ISDELETEDRETAINED>
      <ISNULL>No</ISNULL>
      <ISEXCISEVOUCHER>No</ISEXCISEVOUCHER>
      <EXCISETAXOVERRIDE>No</EXCISETAXOVERRIDE>
      <USEFORTAXUNITTRANSFER>No</USEFORTAXUNITTRANSFER>
      <ISEXER1NOPOVERWRITE>No</ISEXER1NOPOVERWRITE>
      <ISEXF2NOPOVERWRITE>No</ISEXF2NOPOVERWRITE>
      <ISEXER3NOPOVERWRITE>No</ISEXER3NOPOVERWRITE>
      <IGNOREPOSVALIDATION>No</IGNOREPOSVALIDATION>
      <EXCISEOPENING>No</EXCISEOPENING>
      <USEFORFINALPRODUCTION>No</USEFORFINALPRODUCTION>
      <ISTDSOVERRIDDEN>No</ISTDSOVERRIDDEN>
      <ISTCSOVERRIDDEN>No</ISTCSOVERRIDDEN>
      <ISTDSTCSCASHVCH>No</ISTDSTCSCASHVCH>
      <INCLUDEADVPYMTVCH>No</INCLUDEADVPYMTVCH>
      <ISSUBWORKSCONTRACT>No</ISSUBWORKSCONTRACT>
      <ISVATOVERRIDDEN>No</ISVATOVERRIDDEN>
      <IGNOREORIGVCHDATE>No</IGNOREORIGVCHDATE>
      <ISVATPAIDATCUSTOMS>No</ISVATPAIDATCUSTOMS>
      <ISDECLAREDTOCUSTOMS>No</ISDECLAREDTOCUSTOMS>
      <VATADVANCEPAYMENT>No</VATADVANCEPAYMENT>
      <VATADVPAY>No</VATADVPAY>
      <ISCSTDELCAREDGOODSSALES>No</ISCSTDELCAREDGOODSSALES>
      <ISVATRESTAXINV>No</ISVATRESTAXINV>
      <ISSERVICETAXOVERRIDDEN>No</ISSERVICETAXOVERRIDDEN>
      <ISISDVOUCHER>No</ISISDVOUCHER>
      <ISEXCISEOVERRIDDEN>No</ISEXCISEOVERRIDDEN>
      <ISEXCISESUPPLYVCH>No</ISEXCISESUPPLYVCH>
      <GSTNOTEXPORTED>No</GSTNOTEXPORTED>
      <IGNOREGSTINVALIDATION>No</IGNOREGSTINVALIDATION>
      <ISGSTREFUND>No</ISGSTREFUND>
      <OVRDNEWAYBILLAPPLICABILITY>No</OVRDNEWAYBILLAPPLICABILITY>
      <ISVATPRINCIPALACCOUNT>No</ISVATPRINCIPALACCOUNT>
      <VCHSTATUSISVCHNUMUSED>No</VCHSTATUSISVCHNUMUSED>
      <VCHGSTSTATUSISINCLUDED>No</VCHGSTSTATUSISINCLUDED>
      <VCHGSTSTATUSISUNCERTAIN>Yes</VCHGSTSTATUSISUNCERTAIN>
      <VCHGSTSTATUSISEXCLUDED>No</VCHGSTSTATUSISEXCLUDED>
      <VCHGSTSTATUSISAPPLICABLE>Yes</VCHGSTSTATUSISAPPLICABLE>
      <VCHGSTSTATUSISGSTR2BRECONCILED>No</VCHGSTSTATUSISGSTR2BRECONCILED>
      <VCHGSTSTATUSISGSTR2BONLYINPORTAL>No</VCHGSTSTATUSISGSTR2BONLYINPORTAL>
      <VCHGSTSTATUSISGSTR2BONLYINBOOKS>No</VCHGSTSTATUSISGSTR2BONLYINBOOKS>
      <VCHGSTSTATUSISGSTR2BMISMATCH>No</VCHGSTSTATUSISGSTR2BMISMATCH>
      <VCHGSTSTATUSISGSTR2BINDIFFPERIOD>No</VCHGSTSTATUSISGSTR2BINDIFFPERIOD>
      <VCHGSTSTATUSISRETEFFDATEOVERRDN>No</VCHGSTSTATUSISRETEFFDATEOVERRDN>
      <VCHGSTSTATUSISOVERRDN>No</VCHGSTSTATUSISOVERRDN>
      <VCHGSTSTATUSISSTATINDIFFDATE>No</VCHGSTSTATUSISSTATINDIFFDATE>
      <VCHGSTSTATUSISRETINDIFFDATE>No</VCHGSTSTATUSISRETINDIFFDATE>
      <VCHGSTSTATUSMAINSECTIONEXCLUDED>No</VCHGSTSTATUSMAINSECTIONEXCLUDED>
      <VCHGSTSTATUSISBRANCHTRANSFEROUT>No</VCHGSTSTATUSISBRANCHTRANSFEROUT>
      <VCHGSTSTATUSISSYSTEMSUMMARY>No</VCHGSTSTATUSISSYSTEMSUMMARY>
      <VCHSTATUSISUNREGISTEREDRCM>No</VCHSTATUSISUNREGISTEREDRCM>
      <VCHSTATUSISOPTIONAL>No</VCHSTATUSISOPTIONAL>
      <VCHSTATUSISCANCELLED>No</VCHSTATUSISCANCELLED>
      <VCHSTATUSISDELETED>No</VCHSTATUSISDELETED>
      <VCHSTATUSISOPENINGBALANCE>No</VCHSTATUSISOPENINGBALANCE>
      <VCHSTATUSISFETCHEDONLY>No</VCHSTATUSISFETCHEDONLY>
      <VCHGSTSTATUSISOPTIONALUNCERTAIN>No</VCHGSTSTATUSISOPTIONALUNCERTAIN>
      <VCHSTATUSISREACCEPTFORHSNDONE>No</VCHSTATUSISREACCEPTFORHSNDONE>
      <VCHSTATUSISREACCEPHSNSIXONEDONE>Yes</VCHSTATUSISREACCEPHSNSIXONEDONE>
      <PAYMENTLINKHASMULTIREF>No</PAYMENTLINKHASMULTIREF>
      <ISSHIPPINGWITHINSTATE>No</ISSHIPPINGWITHINSTATE>
      <ISOVERSEASTOURISTTRANS>No</ISOVERSEASTOURISTTRANS>
      <ISDESIGNATEDZONEPARTY>No</ISDESIGNATEDZONEPARTY>
      <HASCASHFLOW>No</HASCASHFLOW>
      <ISPOSTDATED>No</ISPOSTDATED>
      <USETRACKINGNUMBER>No</USETRACKINGNUMBER>
      <ISINVOICE>Yes</ISINVOICE>
      <MFGJOURNAL>No</MFGJOURNAL>
      <HASDISCOUNTS>No</HASDISCOUNTS>
      <ASPAYSLIP>No</ASPAYSLIP>
      <ISCOSTCENTRE>No</ISCOSTCENTRE>
      <ISSTXNONREALIZEDVCH>No</ISSTXNONREALIZEDVCH>
      <ISEXCISEMANUFACTURERON>No</ISEXCISEMANUFACTURERON>
      <ISBLANKCHEQUE>No</ISBLANKCHEQUE>
      <ISVOID>No</ISVOID>
      <ORDERLINESTATUS>No</ORDERLINESTATUS>
      <VATISAGNSTCANCSALES>No</VATISAGNSTCANCSALES>
      <VATISPURCEXEMPTED>No</VATISPURCEXEMPTED>
      <ISVATRESTAXINVOICE>No</ISVATRESTAXINVOICE>
      <VATISASSESABLECALCVCH>No</VATISASSESABLECALCVCH>
      <ISVATDUTYPAID>Yes</ISVATDUTYPAID>
      <ISDELIVERYSAMEASCONSIGNEE>No</ISDELIVERYSAMEASCONSIGNEE>
      <ISDISPATCHSAMEASCONSIGNOR>No</ISDISPATCHSAMEASCONSIGNOR>
      <ISDELETEDVCHRETAINED>No</ISDELETEDVCHRETAINED>
      <VCHONLYADDLINFOUPDATED>No</VCHONLYADDLINFOUPDATED>
      <CHANGEVCHMODE>No</CHANGEVCHMODE>
      <RESETIRNQRCODE>No</RESETIRNQRCODE>
      <ERRKEY>0</ERRKEY>
      <ALTERID> 1</ALTERID>
      <MASTERID> 1</MASTERID>
      <QRCODECRC>0</QRCODECRC>
      <EXCHANGEACTIVITYID>0</EXCHANGEACTIVITYID>
      <VOUCHERKEY>196481868890120</VOUCHERKEY>
      <VOUCHERRETAINKEY>1</VOUCHERRETAINKEY>
      <ECFEERATE>0</ECFEERATE>
      <VATCONSIGNMENTNO>0</VATCONSIGNMENTNO>
      <VATRATEOFTAX>0</VATRATEOFTAX>
      <EIDISCOUNTRATE>0</EIDISCOUNTRATE>
      <WBTRANSFERASSESSRATE>0</WBTRANSFERASSESSRATE>
      <VATWCDEDUCTIONPERC>0</VATWCDEDUCTIONPERC>
      <ISGSTOVRDNCRC>0</ISGSTOVRDNCRC>
      <IGNGSTFMTCRC>0</IGNGSTFMTCRC>
      <IGNEINVVALIDCRC>0</IGNEINVVALIDCRC>
      <IGNEXTNVALIDCRC>0</IGNEXTNVALIDCRC>
      <IGNPARTBVALIDCRC>0</IGNPARTBVALIDCRC>
      <IGNTRANSIDVALIDCRC>0</IGNTRANSIDVALIDCRC>
      <IGNGENERATIONVALIDCRC>0</IGNGENERATIONVALIDCRC>
      <IGNGSTVALIDCRC>0</IGNGSTVALIDCRC>
      <IGNGSTOPTUNCERTCRC>0</IGNGSTOPTUNCERTCRC>
      <RATEOFINVOICETAX>0</RATEOFINVOICETAX>
      <VCHSTATUSDUMMYLONG>0</VCHSTATUSDUMMYLONG>
      <VATTDSRATE>0</VATTDSRATE>
      <REUSEHOLEID>0</REUSEHOLEID>
      <BONDAMOUNT/>
      <POSCASHRECEIVED/>
      <CUSTOMDUTYPAID/>
      <VATPARTYITCCLAIMED/>
      <VATPARTYTAXLIABILITY/>
      <VALUEOFWORKSCONTRACT/>
      <ECFEEAMOUNT/>
      <ECFEEDEPOSITBYAWARDER/>
      <ECFEEDEPOSITBYCONTRACTOR/>
      <TDSDEDUCTED/>
      <VALUEOFSUBWORKSCONT/>
      <VATTDSAMT/>
      <VATPURCHASEVALUE/>
      <MAHWCASSESSABLEVALUE/>
      <WBTRANSFERBASEVALUE/>
      <VATWCDEDUCTIONAMT/>
      <VATWCOTHERDEDUCTAMT/>
      <CESSASSVALONCLASS/>
      <ADDNLVATCLASSAMT/>
      <ADJPARTYINVOICEVALUE/>
      <GSTINVASSESSABLEVALUE/>
      <EIDISCOUNTAMT/>
      <PAYMENTLINKAMOUNT/>
      <VATGOODSVALUE/>
      <EXCHGRATE/>
      <PROCESSINGDURATION/>
      <VOUCHERNUMBERSERIES>Default</VOUCHERNUMBERSERIES>
      <UPDATEDDATETIME>000000000</UPDATEDDATETIME>
      <IRNACKUPDATEDATETIME>000000000</IRNACKUPDATEDATETIME>
      <TEMPFROMDATE/>
      <TEMPGSTEWAYCONSIGNORADDRESSTYPE/>
      <TEMPGSTEWAYCONSIGNEEADDRESSTYPE/>
      <POSGIFTLEDGERAMOUNT/>
      <POSCARDLEDGERAMOUNT/>
      <POSCHEQUELEDGERAMOUNT/>
      <POSCASHLEDGERAMOUNT/>
      <TEMPCCCLASS/>
      <EIDEFAULTLED_ISZRBASICSERVICE/>
      <PREVBOMNAME/>
      <CURBOMNAME/>
      <COMMONNATUREOFPAYMENT/>
      <COMMONISBASEDONREALIZATION/>
      <COMMONISTDSDEDUCTED/>
      <TEMPISVCHSUPPLFILLED/>
      <CURRPARTYLEDGERNAME/>
      <CURRBASICBUYERNAME/>
      <CURRPARTYNAME/>
      <CURRBUYERADDRESSTYPE/>
      <CURRPARTYADDRESSTYPE/>
      <CURRSTATENAME/>
      <CURRBASICPURCHASEORDERNO/>
      <CURRBASICSHIPDELIVERYNOTE/>
      <POSSTAXPARTYLEDGERNAME/>
      <ISCSTAGTFORMC/>
      <EIDEFAULTLED_ISUSERDEFINED/>
      <EIDEFAULTLED_CLASSNAME/>
      <EIDEFAULTLED_CLASSRATE>0</EIDEFAULTLED_CLASSRATE>
      <EIDEFAULTLED_CLASSADDLRATE>0</EIDEFAULTLED_CLASSADDLRATE>
      <TEMPVATCLASSIFICATION/>
      <ISATTDDATAPRESERVED/>
      <TEMPGSTEWAYBILLNUMBER/>
      <TEMPGSTEWAYBILLDATE/>
      <TEMPGSTEWAYSUBTYPE/>
      <TEMPGSTEWAYDOCUMENTTYPE/>
      <TEMPGSTEWAYSTATUS/>
      <TEMPGSTEWAYISCANCELLED/>
      <TEMPGSTEWAYCONSIGNOR/>
      <TEMPGSTEWAYCONSIGNORADDRESS/>
      <TEMPGSTEWAYFROMPLACE/>
      <TEMPCONSIGNORPINCODENUMBER>0</TEMPCONSIGNORPINCODENUMBER>
      <TEMPGSTEWAYPINCODENUMBER>0</TEMPGSTEWAYPINCODENUMBER>
      <TEMPGSTEWAYPINCODE/>
      <TEMPGSTEWAYCONSIGNORTIN/>
      <TEMPGSTEWAYCONSIGNORSTATE/>
      <TEMPGSTEWAYCONSSHIPFROMSTATE/>
      <TEMPGSTEWAYCONSIGNEE/>
      <TEMPGSTEWAYCONSADDRESS/>
      <TEMPGSTEWAYCONSFROMPLACE/>
      <TEMPGSTEWAYCONSPINCODENUMBER>0</TEMPGSTEWAYCONSPINCODENUMBER>
      <TEMPCONSIGNEEPINCODENUMBER>0</TEMPCONSIGNEEPINCODENUMBER>
      <TEMPGSTEWAYCONSPINCODE/>
      <TEMPGSTEWAYCONSTIN/>
      <TEMPGSTEWAYCONSSTATE/>
      <TEMPGSTEWAYCONSSHIPTOSTATE/>
      <TEMPGSTEWAYTRANSPORTMODE/>
      <TEMPGSTEWAYDISTANCE>0</TEMPGSTEWAYDISTANCE>
      <TEMPGSTEWAYTRANSPORTERNAME/>
      <TEMPGSTEWAYVEHICLENUMBER/>
      <TEMPGSTEWAYTRANSPORTERID/>
      <TEMPGSTEWAYTRANSPORTERDOCNO/>
      <TEMPGSTEWAYTRANSPORTERDOCDATE/>
      <TEMPGSTEWAYVEHICLETYPE/>
      <TEMPGSTEWAYCONSBILLNUMBER/>
      <TEMPGSTEWAYCONSBILLDATE/>
      <TEMPISUSERDEFINEDCLASS/>
      <TEMPCLASSNATURE/>
      <TEMPGSTOVRDNINELIGIBLEITC/>
      <TEMPGSTOVRDNISREVCHARGEAPPL/>
      <TEMPGSTOVRDNTAXABILITY/>
      <TEMPGSTOVRDNISREVCHARGEAPPLSTR/>
      <TEMPGSTOVRDNINELIGIBLEITCSTR/>
      <TEMPGSTVCHDESTINATIONSTATE/>
      <TEMPGSTPARTYLEDLOCTYPE/>
      <TEMPGSTPARTYDEALERTYPE/>
      <TEMPGSTRISCOMMONPARTY/>
      <TEMPGSTRCOUNTRY/>
      <TEMPGSTRSTATE/>
      <TEMPGSTRTIN/>
      <TEMPGSTRDEALERTYPE/>
      <CURRGSTCOUNTRY/>
      <TEMPGSTSTATUS/>
      <IGNOREGSTRATECOPYDETAILS/>
      <IGNOREGSTHSNCOPYDETAILS/>
      <GSTBUYERNAME/>
      <GSTBUYERMAILINGNAME/>
      <GSTBUYERSTATE/>
      <GSTBUYERPINCODE/>
      <GSTBUYERGSTINREGTYPE/>
      <GSTBUYERGSTIN/>
      <GSTCONSIGNEENAME/>
      <GSTCONSIGNEEMAILINGNAME/>
      <GSTCONSIGNEESTATE/>
      <GSTCONSIGNEEPINCODE/>
      <GSTCONSIGNEEGSTIN/>
      <EWAYBILLDETAILS.LIST>      </EWAYBILLDETAILS.LIST>
      <EXCLUDEDTAXATIONS.LIST>      </EXCLUDEDTAXATIONS.LIST>
      <OLDAUDITENTRIES.LIST>      </OLDAUDITENTRIES.LIST>
      <ACCOUNTAUDITENTRIES.LIST>      </ACCOUNTAUDITENTRIES.LIST>
      <AUDITENTRIES.LIST>      </AUDITENTRIES.LIST>
      <DUTYHEADDETAILS.LIST>      </DUTYHEADDETAILS.LIST>
      <GSTADVADJDETAILS.LIST>      </GSTADVADJDETAILS.LIST>
      <ALLINVENTORYENTRIES.LIST>
       <ORIGINVOICEDATE/>
       <ORIGSALESINVDATE/>
       <DESCRIPTION/>
       <STOCKITEMNAME>Widget A</STOCKITEMNAME>
       <STATNATURENAME/>
       <EXCISECLASSIFICATIONNAME/>
       <ISZRBASICSERVICE/>
       <STRDGSTDERIVEDLOCATIONTYPE/>
       <STRDGSTDERIVEDTAXABILITY/>
       <STRDGSTDERIVEDNATURETYPE/>
       <STRDGSTDERIVEDSUPPLYTYPE/>
       <GSTOVRDNCLASSIFICATION/>
       <GSTOVRDNNATURE/>
       <GSTOVRDNINELIGIBLEITC/>
       <GSTOVRDNISREVCHARGEAPPL/>
       <GSTOVRDNTAXABILITY/>
       <GSTSOURCETYPE/>
       <GSTITEMSOURCE/>
       <GSTLEDGERSOURCE/>
       <GSTGROUPSOURCE/>
       <GSTSTOCKGROUPSOURCE/>
       <HSNSOURCETYPE/>
       <HSNITEMSOURCE/>
       <HSNLEDGERSOURCE/>
       <HSNGROUPSOURCE/>
       <HSNSTOCKGROUPSOURCE/>
       <GSTOVRDNSTOREDNATURE/>
       <GSTOVRDNTYPEOFSUPPLY/>
       <GSTRATEINFERAPPLICABILITY/>
       <GSTOVRDNNATUREOFGOODS/>
       <GSTHSNNAME/>
       <GSTHSNDESCRIPTION/>
       <GSTHSNINFERAPPLICABILITY/>
       <HSNOVRDNCLASSIFICATION/>
       <STRDGSTFINALNATUREOFENTRY/>
       <GSTDEPGSTCLASSIFICATION/>
       <GSTDEPHSNCLASSIFICATION/>
       <EXCISETARIFF/>
       <EXCISEEXEMPTION/>
       <TRADERCNSALESNUMBER/>
       <BASICPACKAGEMARKS/>
       <BASICNUMPACKAGES/>
       <SDTAXCLASSIFICATIONNAME/>
       <NATUREOFCOMPONENT/>
       <COMPONENTLISTTYPE/>
       <DISPLAYNATUREOFCOMPONENT/>
       <BOMNAME/>
       <ORIGINVOICENUMBER/>
       <ORIGINVOICEBOOKNAME/>
       <ORIGSALESINVNO/>
       <EXCISERETURNINVOICENO/>
       <REASONOFREJECTION/>
       <EXCISECREDITPARTY/>
       <EXCISECREDITSTKITEM/>
       <EXCISECREDITCATEGORY/>
       <TRADERSUPPLIERINVOICENO/>
       <EXCISESALESINVOICENO/>
       <GSTITEMUQC/>
       <GSTITEMUQCUOM/>
       <ADDLAMOUNT/>
       <ISDEEMEDPOSITIVE>No</ISDEEMEDPOSITIVE>
       <ISGSTASSESSABLEVALUEOVERRIDDEN>No</ISGSTASSESSABLEVALUEOVERRIDDEN>
       <STRDISGSTAPPLICABLE>No</STRDISGSTAPPLICABLE>
       <CONTENTNEGISPOS>No</CONTENTNEGISPOS>
       <ISLASTDEEMEDPOSITIVE>No</ISLASTDEEMEDPOSITIVE>
       <ISAUTONEGATE>No</ISAUTONEGATE>
       <ISCUSTOMSCLEARANCE>No</ISCUSTOMSCLEARANCE>
       <ISTRACKCOMPONENT>No</ISTRACKCOMPONENT>
       <ISTRACKPRODUCTION>No</ISTRACKPRODUCTION>
       <ISPRIMARYITEM>No</ISPRIMARYITEM>
       <ISSCRAP>No</ISSCRAP>
       <RATE>500.00/Nos</RATE>
       <DISCOUNT>0</DISCOUNT>
       <VATTAXRATE>0</VATTAXRATE>
       <ORIGINVGOODSQTY>0</ORIGINVGOODSQTY>
       <EXCISEMRPABATEMENT>0</EXCISEMRPABATEMENT>
       <ADDLCOSTPERC>0</ADDLCOSTPERC>
       <REVISEDRATEOFDUTY>0</REVISEDRATEOFDUTY>
       <ORIGRATEOFDUTY>0</ORIGRATEOFDUTY>
       <ORIGMRPABATEMENT>0</ORIGMRPABATEMENT>
       <EXCISERETURNDUTYRATE>0</EXCISERETURNDUTYRATE>
       <GVATEXCISERATE>0</GVATEXCISERATE>
       <AMOUNT>5000.00</AMOUNT>
       <EXCISEASSESSABLEVALUE/>
       <CESSASSVALONCLASS/>
       <EIDISCOUNTAMT/>
       <VATASSESSABLEVALUE/>
       <VATWCDEDUCTAMT/>
       <WCTOTALDEDUCTIONAMT/>
       <ORIGINVGOODSVALUE/>
       <GSTOVRDNASSESSABLEVALUE/>
       <GSTASSBLVALUE/>
       <STRDCOMPUTEDASSESSABLEVALUE/>
       <STRDCOMPUTEDIGST/>
       <STRDCOMPUTEDCGST/>
       <STRDCOMPUTEDSGST/>
       <STRDCOMPUTEDCESS/>
       <STRDCOMPUTEDCESSONQTY/>
       <ORIGINVGOODSTAXVALUE/>
       <VATASSBLVALUE/>
       <VATACCEPTEDTAXAMT/>
       <VATACCEPTEDADDLTAXAMT/>
       <STRDAPPRSTATECESSGST/>
       <STRDAPPROPRIATEDDISCOUNT/>
       <STRDEXCISETAX/>
       <VATINPUTTAXCREDIT/>
       <VATELIGIBLECREDIT/>
       <GVATEXCISEAMT/>
       <ACTUALQTY> 10 Nos</ACTUALQTY>
       <BILLEDQTY> 10 Nos</BILLEDQTY>
       <ORIGACTUALQTY/>
       <ORIGBILLEDQTY/>
       <EXCISERETURNINVOICEQTY/>
       <USABLEQTY/>
       <EXCISECREDITPENDINGQTY/>
       <MRPRATE/>
       <EXCISEMRPRATE/>
       <ORIGRATE/>
       <REVISEDRATE/>
       <ESCALATIONRATE/>
       <ORIGMRPRATE/>
       <ORIGRATEOFQTY/>
       <REVISEDRATEOFQTY/>
       <INCLVATRATE/>
       <TEMPGSTCGSTRATE>0</TEMPGSTCGSTRATE>
       <TEMPGSTSGSTRATE>0</TEMPGSTSGSTRATE>
       <TEMPGSTIGSTRATE>0</TEMPGSTIGSTRATE>
       <TEMPGSTSTATECESSRATE>0</TEMPGSTSTATECESSRATE>
       <TEMPGSTCESSRATE>0</TEMPGSTCESSRATE>
       <TEMPGSTCESSQTYRATE>0</TEMPGSTCESSQTYRATE>
       <INCLUSIVETAXVALUE/>
       <ISINCLTAXRATEFIELDEDITED/>
       <TEMPGSTOVRDNINELIGIBLEITC/>
       <TEMPGSTOVRDNISREVCHARGEAPPL/>
       <TEMPGSTSOURCE/>
       <TEMPHSNSOURCE/>
       <ISACCEPTASIS/>
       <TEMPHSNEFFDATE/>
       <TEMPTAXRATEEFFDATE/>
       <ISSTOCKITEMEXIST/>
       <STOCKITEMACTQTY/>
       <TEMPISEXCISEITEMEXIST/>
       <ISEXCISEOVERRIDEDETAILS/>
       <ISALLOCATEDINACCT/>
       <PREVREVISEDRATEPER/>
       <PREVSTOCKITEMNAME/>
       <EXCISECREDITNOTENUMBER/>
       <ORIGCONSUMEQTY/>
       <TEMPSTKBOMQTY/>
       <TEMPRATE>0</TEMPRATE>
       <TEMPVATTRANSNATURE/>
       <TEMPVATCLSFNRATE>0</TEMPVATCLSFNRATE>
       <TEMPRBVATCLSTAXAMOUNT/>
       <TEMPPREVSTOCKITEMNAME/>
       <BATCHALLOCATIONS.LIST>
        <MFDON/>
        <ORDERYEAREND/>
        <TRACKINGYEAREND/>
        <ORDERPRECLOSUREDATE/>
        <NARRATION/>
        <GODOWNNAME>Main Location</GODOWNNAME>
        <BATCHNAME>Primary Batch</BATCHNAME>
        <DESTINATIONGODOWNNAME/>
        <INDENTNO>&#4; Not Applicable</INDENTNO>
        <ORDERTYPE/>
        <PARENTITEM/>
        <ORDERCLOSUREREASON/>
        <ORDERNO>&#4; Not Applicable</ORDERNO>
        <TRACKINGNUMBER>&#4; Not Applicable</TRACKINGNUMBER>
        <DYNAMICCSTNO/>
        <DYNAMICCSTPARENTITEM/>
        <SUMDYNAMICCSTNO/>
        <SUMBATCHNAME/>
        <SUMTRACKINGNUMBER/>
        <SUMORDERNO/>
        <SUMINDENTNO/>
        <ADDLAMOUNT/>
        <DYNAMICCSTISCLEARED>No</DYNAMICCSTISCLEARED>
        <AMOUNT>5000.00</AMOUNT>
        <ADDLEXPENSEAMOUNT/>
        <BATCHDIFFVAL/>
        <ACTUALQTY> 10 Nos</ACTUALQTY>
        <BILLEDQTY> 10 Nos</BILLEDQTY>
        <ORDERPRECLOSUREQTY/>
        <ORIGACTUALQTY/>
        <ORIGBILLEDQTY/>
        <BATCHPHYSDIFF/>
        <ORIGRATE/>
        <REVISEDRATE/>
        <ESCALATIONRATE/>
        <INCLVATRATE/>
        <EXPIRYPERIOD/>
        <INDENTDUEDATE/>
        <ORDERDUEDATE/>
        <INCLUSIVETAXVALUE/>
        <ISPRECLOSED/>
        <BATCHALLOCBOMNAME/>
        <PREVBATCHALLOCBOMNAME/>
        <BOMALLOCACCEPTED/>
        <BATCHALLOCBOMBASEQTY/>
        <COSTTRACKID>0</COSTTRACKID>
        <ISINCLTAXRATEFIELDEDITED/>
        <ADDITIONALDETAILS.LIST>        </ADDITIONALDETAILS.LIST>
        <VOUCHERCOMPONENTLIST.LIST>        </VOUCHERCOMPONENTLIST.LIST>
       </BATCHALLOCATIONS.LIST>
       <ACCOUNTINGALLOCATIONS.LIST>
        <OLDAUDITENTRYIDS.LIST TYPE="Number">
         <OLDAUDITENTRYIDS>-1</OLDAUDITENTRYIDS>
        </OLDAUDITENTRYIDS.LIST>
        <ORIGPURCHINVDATE/>
        <NARRATION/>
        <ADDLALLOCTYPE/>
        <TAXCLASSIFICATIONNAME/>
        <APPROPRIATEFOR/>
        <GSTDUTYHEAD/>
        <GSTAPPROPRIATETO/>
        <NOTIFICATIONSLNO/>
        <EXCISEALLOCTYPE/>
        <SWIFTCODE/>
        <ROUNDTYPE/>
        <LEDGERNAME>Sales Account</LEDGERNAME>
        <TAXUNITNAME/>
        <STATNATURENAME/>
        <GOODSTYPE/>
        <VATTRADENAME/>
        <METHODTYPE/>
        <CLASSRATE/>
        <STATCLASSIFICATIONNAME/>
        <EXCISECLASSIFICATIONNAME/>
        <ISZRBASICSERVICE/>
        <VATCOMMODITYNAME/>
        <SCHEDULE/>
        <SCHEDULESERIALNUMBER/>
        <VATCOMMODITYCODE/>
        <VATSUBCOMMODITYCODE/>
        <VATMAJORCOMMODITYNAME/>
        <STRDGSTDERIVEDLOCATIONTYPE/>
        <STRDGSTDERIVEDTAXABILITY/>
        <STRDGSTDERIVEDNATURETYPE/>
        <STRDGSTDERIVEDSUPPLYTYPE/>
        <TDSPARTYNAME/>
        <VATPARTYORGNAME/>
        <XBRLADJTYPE/>
        <VOUCHERFBTCATEGORY/>
        <TYPEOFTAXPAYMENT/>
        <VATCALCULATIONTYPE/>
        <VATWORKSCONTRACTTYPE/>
        <VATWCDESCRIPTION/>
        <GSTCLASS>&#4; Not Applicable</GSTCLASS>
        <SCHVIADJTYPE/>
        <GSTOVRDNCLASSIFICATION/>
        <GSTOVRDNNATURE/>
        <GSTOVRDNINELIGIBLEITC/>
        <GSTOVRDNISREVCHARGEAPPL/>
        <GSTOVRDNTAXABILITY/>
        <GSTHSNSACCODE/>
        <GSTSOURCETYPE/>
        <GSTITEMSOURCE/>
        <GSTLEDGERSOURCE/>
        <GSTGROUPSOURCE/>
        <GSTSTOCKGROUPSOURCE/>
        <HSNSOURCETYPE/>
        <HSNITEMSOURCE/>
        <HSNLEDGERSOURCE/>
        <HSNGROUPSOURCE/>
        <HSNSTOCKGROUPSOURCE/>
        <GSTOVRDNSTOREDNATURE/>
        <GSTOVRDNTYPEOFSUPPLY/>
        <GSTRATEINFERAPPLICABILITY/>
        <GSTOVRDNNATUREOFGOODS/>
        <GSTHSNNAME/>
        <GSTHSNDESCRIPTION/>
        <GSTHSNINFERAPPLICABILITY/>
        <HSNOVRDNCLASSIFICATION/>
        <STRDGSTFINALNATUREOFENTRY/>
        <STRDGSTDUTYHEAD/>
        <VATGOODSNATURE/>
        <GSTDEPGSTCLASSIFICATION/>
        <GSTDEPHSNCLASSIFICATION/>
        <POSPAYMENTTYPE/>
        <GSTPARTYLEDGER/>
        <ORIGPURCHPARTY/>
        <ORIGPURCHPARTYADDRESS/>
        <ORIGPURCHINVNO/>
        <ORIGPURCHNOTE/>
        <ISDEEMEDPOSITIVE>No</ISDEEMEDPOSITIVE>
        <LEDGERFROMITEM>No</LEDGERFROMITEM>
        <REMOVEZEROENTRIES>No</REMOVEZEROENTRIES>
        <ISPARTYLEDGER>No</ISPARTYLEDGER>
        <GSTOVERRIDDEN>No</GSTOVERRIDDEN>
        <ISGSTASSESSABLEVALUEOVERRIDDEN>No</ISGSTASSESSABLEVALUEOVERRIDDEN>
        <STRDISGSTAPPLICABLE>No</STRDISGSTAPPLICABLE>
        <STRDGSTISPARTYLEDGER>No</STRDGSTISPARTYLEDGER>
        <STRDGSTISDUTYLEDGER>No</STRDGSTISDUTYLEDGER>
        <CONTENTNEGISPOS>No</CONTENTNEGISPOS>
        <ISLASTDEEMEDPOSITIVE>No</ISLASTDEEMEDPOSITIVE>
        <ISCAPVATTAXALTERED>No</ISCAPVATTAXALTERED>
        <ISCAPVATNOTCLAIMED>No</ISCAPVATNOTCLAIMED>
        <STCRADJPERCENT>0</STCRADJPERCENT>
        <ROUNDLIMIT>0</ROUNDLIMIT>
        <RATEOFADDLVAT>0</RATEOFADDLVAT>
        <RATEOFCESSONVAT>0</RATEOFCESSONVAT>
        <VATTAXRATE>0</VATTAXRATE>
        <VATITEMQTY>0</VATITEMQTY>
        <VATWCDEDUCTRATE>0</VATWCDEDUCTRATE>
        <PREVINVTOTALNUM>0</PREVINVTOTALNUM>
        <VATWCDEDUCTIONRATE>0</VATWCDEDUCTIONRATE>
        <GSTTAXRATE>0</GSTTAXRATE>
        <ORIGINVGOODSQTY>0</ORIGINVGOODSQTY>
        <CAPVATTAXRATE>0</CAPVATTAXRATE>
        <AMOUNT>5000.00</AMOUNT>
        <CESSASSVALONCLASS/>
        <ADDNLVATCLASSAMT/>
        <EIDISCOUNTAMT/>
        <FBTEXEMPTAMOUNT/>
        <VATASSESSABLEVALUE/>
        <VATWCCOSTOFLAND/>
        <VATWCDEDLABOURCHARGES/>
        <VATWCOTHERDEDUCTIONAMT/>
        <VATWCVALUEOFTAXFREEGOODS/>
        <VATWCOTHERCHARGES/>
        <VATWCSUBCONTRACTORAMT/>
        <VATWCDEDUCTAMT/>
        <WCTOTALDEDUCTIONAMT/>
        <PREVAMOUNT/>
        <PREVINVTOTALAMT/>
        <VATWCDEDUCTIONAMOUNT/>
        <ORIGINVGOODSVALUE/>
        <CENVATCAPTINPUTAMT/>
        <GSTASSESSABLEVALUE/>
        <IGSTLIABILITY/>
        <CGSTLIABILITY/>
        <SGSTLIABILITY/>
        <GSTCESSLIABILITY/>
        <GSTOVRDNASSESSABLEVALUE/>
        <GSTASSBLVALUE/>
        <STRDCOMPUTEDASSESSABLEVALUE/>
        <STRDCOMPUTEDIGST/>
        <STRDCOMPUTEDCGST/>
        <STRDCOMPUTEDSGST/>
        <STRDCOMPUTEDCESS/>
        <STRDCOMPUTEDCESSONQTY/>
        <ORIGINVGOODSTAXVALUE/>
        <VATWCESTABLISHMENTCOST/>
        <VATWCCONTRACTORPROFIT/>
        <VATWCPLANNINGDESIGNFEES/>
        <VATWCMACHINERYTOOLSCHARGES/>
        <VATWCCONSUMABLESCOST/>
        <VATEXPAMOUNT/>
        <VATASSBLVALUE/>
        <VATACCEPTEDTAXAMT/>
        <VATACCEPTEDADDLTAXAMT/>
        <CASHRECEIVED/>
        <CAPVATASSEABLEVALUE/>
        <CAPVATTAXVALUE/>
        <ORIGPURCHVALUE/>
        <SUPPLYMARGVAL/>
        <STRDAPPRSTATECESSGST/>
        <STRDAPPROPRIATEDDISCOUNT/>
        <STRDEXCISETAX/>
        <TEMPGSTCGSTRATE>0</TEMPGSTCGSTRATE>
        <TEMPGSTSGSTRATE>0</TEMPGSTSGSTRATE>
        <TEMPGSTIGSTRATE>0</TEMPGSTIGSTRATE>
        <TEMPGSTSTATECESSRATE>0</TEMPGSTSTATECESSRATE>
        <TEMPGSTCESSRATE>0</TEMPGSTCESSRATE>
        <TEMPGSTCESSQTYRATE>0</TEMPGSTCESSQTYRATE>
        <DENOMINATIONCOUNT2000X>0</DENOMINATIONCOUNT2000X>
        <DENOMINATIONCOUNT1000X>0</DENOMINATIONCOUNT1000X>
        <DENOMINATIONCOUNT500X>0</DENOMINATIONCOUNT500X>
        <DENOMINATIONCOUNT200X>0</DENOMINATIONCOUNT200X>
        <DENOMINATIONCOUNT100X>0</DENOMINATIONCOUNT100X>
        <DENOMINATIONCOUNT50X>0</DENOMINATIONCOUNT50X>
        <DENOMINATIONCOUNT20X>0</DENOMINATIONCOUNT20X>
        <DENOMINATIONCOUNT10X>0</DENOMINATIONCOUNT10X>
        <DENOMINATIONCOUNT5X>0</DENOMINATIONCOUNT5X>
        <DENOMINATIONCOUNT2X>0</DENOMINATIONCOUNT2X>
        <DENOMINATIONCOUNT1X>0</DENOMINATIONCOUNT1X>
        <DENOMINATIONAMOUNTOTHERS/>
        <CURRPARTYLEDGERNAME/>
        <TEMPVATCLASSIFICATION/>
        <TEMPGSTOVRDNINELIGIBLEITC/>
        <TEMPGSTOVRDNISREVCHARGEAPPL/>
        <TEMPGSTSOURCE/>
        <TEMPHSNSOURCE/>
        <TEMPTDSSECTIONNO/>
        <TEMPTDSNOP/>
        <TEMPTDSDEDNSTATUS/>
        <TEMPTDSRESSTATUS/>
        <TEMPTAXCHEQUENUMBER/>
        <TEMPTAXCHEQUEDATE/>
        <TEMPTAXBSRCODE/>
        <TEMPTAXCHALLANNUMBER/>
        <TEMPTAXCHALLANDATE/>
        <TEMPTAXBANKNAME/>
        <TEMPTAXBANKBRANCHNAME/>
        <ISACCEPTASIS/>
        <INVOICEROUNDINGDIFFVAL/>
        <VATGCCTAXAMOUNT/>
        <GSTCOMPDUTYAMOUNT/>
        <EXCISETEMPDUTYVAL/>
        <ISVATADJLEDGER/>
        <VATASSESMENTATE>0</VATASSESMENTATE>
        <GSTLEDGERDISCOUNT/>
        <GVATLEDGEREXCISE/>
        <GSTDUTYAMOUNT/>
        <RBVATTAXAMOUNT/>
        <SALESCESSTAXAMOUNT/>
        <TEMPHSNEFFDATE/>
        <TEMPTAXRATEEFFDATE/>
        <TEMPPREVLEDGERNAME/>
        <TEMPPREVINCLLEDNAME/>
        <SERVICETAXDETAILS.LIST>        </SERVICETAXDETAILS.LIST>
        <BANKALLOCATIONS.LIST>        </BANKALLOCATIONS.LIST>
        <BILLALLOCATIONS.LIST>        </BILLALLOCATIONS.LIST>
        <INTERESTCOLLECTION.LIST>        </INTERESTCOLLECTION.LIST>
        <OLDAUDITENTRIES.LIST>        </OLDAUDITENTRIES.LIST>
        <ACCOUNTAUDITENTRIES.LIST>        </ACCOUNTAUDITENTRIES.LIST>
        <AUDITENTRIES.LIST>        </AUDITENTRIES.LIST>
        <INPUTCRALLOCS.LIST>        </INPUTCRALLOCS.LIST>
        <DUTYHEADDETAILS.LIST>        </DUTYHEADDETAILS.LIST>
        <EXCISEDUTYHEADDETAILS.LIST>        </EXCISEDUTYHEADDETAILS.LIST>
        <RATEDETAILS.LIST>        </RATEDETAILS.LIST>
        <SUMMARYALLOCS.LIST>        </SUMMARYALLOCS.LIST>
        <CENVATDUTYALLOCATIONS.LIST>        </CENVATDUTYALLOCATIONS.LIST>
        <STPYMTDETAILS.LIST>        </STPYMTDETAILS.LIST>
        <EXCISEPAYMENTALLOCATIONS.LIST>        </EXCISEPAYMENTALLOCATIONS.LIST>
        <TAXBILLALLOCATIONS.LIST>        </TAXBILLALLOCATIONS.LIST>
        <TAXOBJECTALLOCATIONS.LIST>        </TAXOBJECTALLOCATIONS.LIST>
        <TDSEXPENSEALLOCATIONS.LIST>        </TDSEXPENSEALLOCATIONS.LIST>
        <VATSTATUTORYDETAILS.LIST>        </VATSTATUTORYDETAILS.LIST>
        <COSTTRACKALLOCATIONS.LIST>        </COSTTRACKALLOCATIONS.LIST>
        <REFVOUCHERDETAILS.LIST>        </REFVOUCHERDETAILS.LIST>
        <INVOICEWISEDETAILS.LIST>        </INVOICEWISEDETAILS.LIST>
        <VATITCDETAILS.LIST>        </VATITCDETAILS.LIST>
        <ADVANCETAXDETAILS.LIST>        </ADVANCETAXDETAILS.LIST>
        <TAXTYPEALLOCATIONS.LIST>        </TAXTYPEALLOCATIONS.LIST>
       </ACCOUNTINGALLOCATIONS.LIST>
       <DUTYHEADDETAILS.LIST>       </DUTYHEADDETAILS.LIST>
       <RATEDETAILS.LIST>       </RATEDETAILS.LIST>
       <SUPPLEMENTARYDUTYHEADDETAILS.LIST>       </SUPPLEMENTARYDUTYHEADDETAILS.LIST>
       <TAXOBJECTALLOCATIONS.LIST>       </TAXOBJECTALLOCATIONS.LIST>
       <REFVOUCHERDETAILS.LIST>       </REFVOUCHERDETAILS.LIST>
       <EXCISEALLOCATIONS.LIST>       </EXCISEALLOCATIONS.LIST>
       <EXPENSEALLOCATIONS.LIST>       </EXPENSEALLOCATIONS.LIST>
      </ALLINVENTORYENTRIES.LIST>
      <ALLINVENTORYENTRIES.LIST>
       <ORIGINVOICEDATE/>
       <ORIGSALESINVDATE/>
       <DESCRIPTION/>
       <STOCKITEMNAME>Widget B</STOCKITEMNAME>
       <STATNATURENAME/>
       <EXCISECLASSIFICATIONNAME/>
       <ISZRBASICSERVICE/>
       <STRDGSTDERIVEDLOCATIONTYPE/>
       <STRDGSTDERIVEDTAXABILITY/>
       <STRDGSTDERIVEDNATURETYPE/>
       <STRDGSTDERIVEDSUPPLYTYPE/>
       <GSTOVRDNCLASSIFICATION/>
       <GSTOVRDNNATURE/>
       <GSTOVRDNINELIGIBLEITC/>
       <GSTOVRDNISREVCHARGEAPPL/>
       <GSTOVRDNTAXABILITY/>
       <GSTSOURCETYPE/>
       <GSTITEMSOURCE/>
       <GSTLEDGERSOURCE/>
       <GSTGROUPSOURCE/>
       <GSTSTOCKGROUPSOURCE/>
       <HSNSOURCETYPE/>
       <HSNITEMSOURCE/>
       <HSNLEDGERSOURCE/>
       <HSNGROUPSOURCE/>
       <HSNSTOCKGROUPSOURCE/>
       <GSTOVRDNSTOREDNATURE/>
       <GSTOVRDNTYPEOFSUPPLY/>
       <GSTRATEINFERAPPLICABILITY/>
       <GSTOVRDNNATUREOFGOODS/>
       <GSTHSNNAME/>
       <GSTHSNDESCRIPTION/>
       <GSTHSNINFERAPPLICABILITY/>
       <HSNOVRDNCLASSIFICATION/>
       <STRDGSTFINALNATUREOFENTRY/>
       <GSTDEPGSTCLASSIFICATION/>
       <GSTDEPHSNCLASSIFICATION/>
       <EXCISETARIFF/>
       <EXCISEEXEMPTION/>
       <TRADERCNSALESNUMBER/>
       <BASICPACKAGEMARKS/>
       <BASICNUMPACKAGES/>
       <SDTAXCLASSIFICATIONNAME/>
       <NATUREOFCOMPONENT/>
       <COMPONENTLISTTYPE/>
       <DISPLAYNATUREOFCOMPONENT/>
       <BOMNAME/>
       <ORIGINVOICENUMBER/>
       <ORIGINVOICEBOOKNAME/>
       <ORIGSALESINVNO/>
       <EXCISERETURNINVOICENO/>
       <REASONOFREJECTION/>
       <EXCISECREDITPARTY/>
       <EXCISECREDITSTKITEM/>
       <EXCISECREDITCATEGORY/>
       <TRADERSUPPLIERINVOICENO/>
       <EXCISESALESINVOICENO/>
       <GSTITEMUQC/>
       <GSTITEMUQCUOM/>
       <ADDLAMOUNT/>
       <ISDEEMEDPOSITIVE>No</ISDEEMEDPOSITIVE>
       <ISGSTASSESSABLEVALUEOVERRIDDEN>No</ISGSTASSESSABLEVALUEOVERRIDDEN>
       <STRDISGSTAPPLICABLE>No</STRDISGSTAPPLICABLE>
       <CONTENTNEGISPOS>No</CONTENTNEGISPOS>
       <ISLASTDEEMEDPOSITIVE>No</ISLASTDEEMEDPOSITIVE>
       <ISAUTONEGATE>No</ISAUTONEGATE>
       <ISCUSTOMSCLEARANCE>No</ISCUSTOMSCLEARANCE>
       <ISTRACKCOMPONENT>No</ISTRACKCOMPONENT>
       <ISTRACKPRODUCTION>No</ISTRACKPRODUCTION>
       <ISPRIMARYITEM>No</ISPRIMARYITEM>
       <ISSCRAP>No</ISSCRAP>
       <RATE>1200.00/Nos</RATE>
       <DISCOUNT>0</DISCOUNT>
       <VATTAXRATE>0</VATTAXRATE>
       <ORIGINVGOODSQTY>0</ORIGINVGOODSQTY>
       <EXCISEMRPABATEMENT>0</EXCISEMRPABATEMENT>
       <ADDLCOSTPERC>0</ADDLCOSTPERC>
       <REVISEDRATEOFDUTY>0</REVISEDRATEOFDUTY>
       <ORIGRATEOFDUTY>0</ORIGRATEOFDUTY>
       <ORIGMRPABATEMENT>0</ORIGMRPABATEMENT>
       <EXCISERETURNDUTYRATE>0</EXCISERETURNDUTYRATE>
       <GVATEXCISERATE>0</GVATEXCISERATE>
       <AMOUNT>3600.00</AMOUNT>
       <EXCISEASSESSABLEVALUE/>
       <CESSASSVALONCLASS/>
       <EIDISCOUNTAMT/>
       <VATASSESSABLEVALUE/>
       <VATWCDEDUCTAMT/>
       <WCTOTALDEDUCTIONAMT/>
       <ORIGINVGOODSVALUE/>
       <GSTOVRDNASSESSABLEVALUE/>
       <GSTASSBLVALUE/>
       <STRDCOMPUTEDASSESSABLEVALUE/>
       <STRDCOMPUTEDIGST/>
       <STRDCOMPUTEDCGST/>
       <STRDCOMPUTEDSGST/>
       <STRDCOMPUTEDCESS/>
       <STRDCOMPUTEDCESSONQTY/>
       <ORIGINVGOODSTAXVALUE/>
       <VATASSBLVALUE/>
       <VATACCEPTEDTAXAMT/>
       <VATACCEPTEDADDLTAXAMT/>
       <STRDAPPRSTATECESSGST/>
       <STRDAPPROPRIATEDDISCOUNT/>
       <STRDEXCISETAX/>
       <VATINPUTTAXCREDIT/>
       <VATELIGIBLECREDIT/>
       <GVATEXCISEAMT/>
       <ACTUALQTY> 3 Nos</ACTUALQTY>
       <BILLEDQTY> 3 Nos</BILLEDQTY>
       <ORIGACTUALQTY/>
       <ORIGBILLEDQTY/>
       <EXCISERETURNINVOICEQTY/>
       <USABLEQTY/>
       <EXCISECREDITPENDINGQTY/>
       <MRPRATE/>
       <EXCISEMRPRATE/>
       <ORIGRATE/>
       <REVISEDRATE/>
       <ESCALATIONRATE/>
       <ORIGMRPRATE/>
       <ORIGRATEOFQTY/>
       <REVISEDRATEOFQTY/>
       <INCLVATRATE/>
       <TEMPGSTCGSTRATE>0</TEMPGSTCGSTRATE>
       <TEMPGSTSGSTRATE>0</TEMPGSTSGSTRATE>
       <TEMPGSTIGSTRATE>0</TEMPGSTIGSTRATE>
       <TEMPGSTSTATECESSRATE>0</TEMPGSTSTATECESSRATE>
       <TEMPGSTCESSRATE>0</TEMPGSTCESSRATE>
       <TEMPGSTCESSQTYRATE>0</TEMPGSTCESSQTYRATE>
       <INCLUSIVETAXVALUE/>
       <ISINCLTAXRATEFIELDEDITED/>
       <TEMPGSTOVRDNINELIGIBLEITC/>
       <TEMPGSTOVRDNISREVCHARGEAPPL/>
       <TEMPGSTSOURCE/>
       <TEMPHSNSOURCE/>
       <ISACCEPTASIS/>
       <TEMPHSNEFFDATE/>
       <TEMPTAXRATEEFFDATE/>
       <ISSTOCKITEMEXIST/>
       <STOCKITEMACTQTY/>
       <TEMPISEXCISEITEMEXIST/>
       <ISEXCISEOVERRIDEDETAILS/>
       <ISALLOCATEDINACCT/>
       <PREVREVISEDRATEPER/>
       <PREVSTOCKITEMNAME/>
       <EXCISECREDITNOTENUMBER/>
       <ORIGCONSUMEQTY/>
       <TEMPSTKBOMQTY/>
       <TEMPRATE>0</TEMPRATE>
       <TEMPVATTRANSNATURE/>
       <TEMPVATCLSFNRATE>0</TEMPVATCLSFNRATE>
       <TEMPRBVATCLSTAXAMOUNT/>
       <TEMPPREVSTOCKITEMNAME/>
       <BATCHALLOCATIONS.LIST>
        <MFDON/>
        <ORDERYEAREND/>
        <TRACKINGYEAREND/>
        <ORDERPRECLOSUREDATE/>
        <NARRATION/>
        <GODOWNNAME>Main Location</GODOWNNAME>
        <BATCHNAME>Primary Batch</BATCHNAME>
        <DESTINATIONGODOWNNAME/>
        <INDENTNO>&#4; Not Applicable</INDENTNO>
        <ORDERTYPE/>
        <PARENTITEM/>
        <ORDERCLOSUREREASON/>
        <ORDERNO>&#4; Not Applicable</ORDERNO>
        <TRACKINGNUMBER>&#4; Not Applicable</TRACKINGNUMBER>
        <DYNAMICCSTNO/>
        <DYNAMICCSTPARENTITEM/>
        <SUMDYNAMICCSTNO/>
        <SUMBATCHNAME/>
        <SUMTRACKINGNUMBER/>
        <SUMORDERNO/>
        <SUMINDENTNO/>
        <ADDLAMOUNT/>
        <DYNAMICCSTISCLEARED>No</DYNAMICCSTISCLEARED>
        <AMOUNT>3600.00</AMOUNT>
        <ADDLEXPENSEAMOUNT/>
        <BATCHDIFFVAL/>
        <ACTUALQTY> 3 Nos</ACTUALQTY>
        <BILLEDQTY> 3 Nos</BILLEDQTY>
        <ORDERPRECLOSUREQTY/>
        <ORIGACTUALQTY/>
        <ORIGBILLEDQTY/>
        <BATCHPHYSDIFF/>
        <ORIGRATE/>
        <REVISEDRATE/>
        <ESCALATIONRATE/>
        <INCLVATRATE/>
        <EXPIRYPERIOD/>
        <INDENTDUEDATE/>
        <ORDERDUEDATE/>
        <INCLUSIVETAXVALUE/>
        <ISPRECLOSED/>
        <BATCHALLOCBOMNAME/>
        <PREVBATCHALLOCBOMNAME/>
        <BOMALLOCACCEPTED/>
        <BATCHALLOCBOMBASEQTY/>
        <COSTTRACKID>0</COSTTRACKID>
        <ISINCLTAXRATEFIELDEDITED/>
        <ADDITIONALDETAILS.LIST>        </ADDITIONALDETAILS.LIST>
        <VOUCHERCOMPONENTLIST.LIST>        </VOUCHERCOMPONENTLIST.LIST>
       </BATCHALLOCATIONS.LIST>
       <ACCOUNTINGALLOCATIONS.LIST>
        <OLDAUDITENTRYIDS.LIST TYPE="Number">
         <OLDAUDITENTRYIDS>-1</OLDAUDITENTRYIDS>
        </OLDAUDITENTRYIDS.LIST>
        <ORIGPURCHINVDATE/>
        <NARRATION/>
        <ADDLALLOCTYPE/>
        <TAXCLASSIFICATIONNAME/>
        <APPROPRIATEFOR/>
        <GSTDUTYHEAD/>
        <GSTAPPROPRIATETO/>
        <NOTIFICATIONSLNO/>
        <EXCISEALLOCTYPE/>
        <SWIFTCODE/>
        <ROUNDTYPE/>
        <LEDGERNAME>Sales Account</LEDGERNAME>
        <TAXUNITNAME/>
        <STATNATURENAME/>
        <GOODSTYPE/>
        <VATTRADENAME/>
        <METHODTYPE/>
        <CLASSRATE/>
        <STATCLASSIFICATIONNAME/>
        <EXCISECLASSIFICATIONNAME/>
        <ISZRBASICSERVICE/>
        <VATCOMMODITYNAME/>
        <SCHEDULE/>
        <SCHEDULESERIALNUMBER/>
        <VATCOMMODITYCODE/>
        <VATSUBCOMMODITYCODE/>
        <VATMAJORCOMMODITYNAME/>
        <STRDGSTDERIVEDLOCATIONTYPE/>
        <STRDGSTDERIVEDTAXABILITY/>
        <STRDGSTDERIVEDNATURETYPE/>
        <STRDGSTDERIVEDSUPPLYTYPE/>
        <TDSPARTYNAME/>
        <VATPARTYORGNAME/>
        <XBRLADJTYPE/>
        <VOUCHERFBTCATEGORY/>
        <TYPEOFTAXPAYMENT/>
        <VATCALCULATIONTYPE/>
        <VATWORKSCONTRACTTYPE/>
        <VATWCDESCRIPTION/>
        <GSTCLASS>&#4; Not Applicable</GSTCLASS>
        <SCHVIADJTYPE/>
        <GSTOVRDNCLASSIFICATION/>
        <GSTOVRDNNATURE/>
        <GSTOVRDNINELIGIBLEITC/>
        <GSTOVRDNISREVCHARGEAPPL/>
        <GSTOVRDNTAXABILITY/>
        <GSTHSNSACCODE/>
        <GSTSOURCETYPE/>
        <GSTITEMSOURCE/>
        <GSTLEDGERSOURCE/>
        <GSTGROUPSOURCE/>
        <GSTSTOCKGROUPSOURCE/>
        <HSNSOURCETYPE/>
        <HSNITEMSOURCE/>
        <HSNLEDGERSOURCE/>
        <HSNGROUPSOURCE/>
        <HSNSTOCKGROUPSOURCE/>
        <GSTOVRDNSTOREDNATURE/>
        <GSTOVRDNTYPEOFSUPPLY/>
        <GSTRATEINFERAPPLICABILITY/>
        <GSTOVRDNNATUREOFGOODS/>
        <GSTHSNNAME/>
        <GSTHSNDESCRIPTION/>
        <GSTHSNINFERAPPLICABILITY/>
        <HSNOVRDNCLASSIFICATION/>
        <STRDGSTFINALNATUREOFENTRY/>
        <STRDGSTDUTYHEAD/>
        <VATGOODSNATURE/>
        <GSTDEPGSTCLASSIFICATION/>
        <GSTDEPHSNCLASSIFICATION/>
        <POSPAYMENTTYPE/>
        <GSTPARTYLEDGER/>
        <ORIGPURCHPARTY/>
        <ORIGPURCHPARTYADDRESS/>
        <ORIGPURCHINVNO/>
        <ORIGPURCHNOTE/>
        <ISDEEMEDPOSITIVE>No</ISDEEMEDPOSITIVE>
        <LEDGERFROMITEM>No</LEDGERFROMITEM>
        <REMOVEZEROENTRIES>No</REMOVEZEROENTRIES>
        <ISPARTYLEDGER>No</ISPARTYLEDGER>
        <GSTOVERRIDDEN>No</GSTOVERRIDDEN>
        <ISGSTASSESSABLEVALUEOVERRIDDEN>No</ISGSTASSESSABLEVALUEOVERRIDDEN>
        <STRDISGSTAPPLICABLE>No</STRDISGSTAPPLICABLE>
        <STRDGSTISPARTYLEDGER>No</STRDGSTISPARTYLEDGER>
        <STRDGSTISDUTYLEDGER>No</STRDGSTISDUTYLEDGER>
        <CONTENTNEGISPOS>No</CONTENTNEGISPOS>
        <ISLASTDEEMEDPOSITIVE>No</ISLASTDEEMEDPOSITIVE>
        <ISCAPVATTAXALTERED>No</ISCAPVATTAXALTERED>
        <ISCAPVATNOTCLAIMED>No</ISCAPVATNOTCLAIMED>
        <STCRADJPERCENT>0</STCRADJPERCENT>
        <ROUNDLIMIT>0</ROUNDLIMIT>
        <RATEOFADDLVAT>0</RATEOFADDLVAT>
        <RATEOFCESSONVAT>0</RATEOFCESSONVAT>
        <VATTAXRATE>0</VATTAXRATE>
        <VATITEMQTY>0</VATITEMQTY>
        <VATWCDEDUCTRATE>0</VATWCDEDUCTRATE>
        <PREVINVTOTALNUM>0</PREVINVTOTALNUM>
        <VATWCDEDUCTIONRATE>0</VATWCDEDUCTIONRATE>
        <GSTTAXRATE>0</GSTTAXRATE>
        <ORIGINVGOODSQTY>0</ORIGINVGOODSQTY>
        <CAPVATTAXRATE>0</CAPVATTAXRATE>
        <AMOUNT>3600.00</AMOUNT>
        <CESSASSVALONCLASS/>
        <ADDNLVATCLASSAMT/>
        <EIDISCOUNTAMT/>
        <FBTEXEMPTAMOUNT/>
        <VATASSESSABLEVALUE/>
        <VATWCCOSTOFLAND/>
        <VATWCDEDLABOURCHARGES/>
        <VATWCOTHERDEDUCTIONAMT/>
        <VATWCVALUEOFTAXFREEGOODS/>
        <VATWCOTHERCHARGES/>
        <VATWCSUBCONTRACTORAMT/>
        <VATWCDEDUCTAMT/>
        <WCTOTALDEDUCTIONAMT/>
        <PREVAMOUNT/>
        <PREVINVTOTALAMT/>
        <VATWCDEDUCTIONAMOUNT/>
        <ORIGINVGOODSVALUE/>
        <CENVATCAPTINPUTAMT/>
        <GSTASSESSABLEVALUE/>
        <IGSTLIABILITY/>
        <CGSTLIABILITY/>
        <SGSTLIABILITY/>
        <GSTCESSLIABILITY/>
        <GSTOVRDNASSESSABLEVALUE/>
        <GSTASSBLVALUE/>
        <STRDCOMPUTEDASSESSABLEVALUE/>
        <STRDCOMPUTEDIGST/>
        <STRDCOMPUTEDCGST/>
        <STRDCOMPUTEDSGST/>
        <STRDCOMPUTEDCESS/>
        <STRDCOMPUTEDCESSONQTY/>
        <ORIGINVGOODSTAXVALUE/>
        <VATWCESTABLISHMENTCOST/>
        <VATWCCONTRACTORPROFIT/>
        <VATWCPLANNINGDESIGNFEES/>
        <VATWCMACHINERYTOOLSCHARGES/>
        <VATWCCONSUMABLESCOST/>
        <VATEXPAMOUNT/>
        <VATASSBLVALUE/>
        <VATACCEPTEDTAXAMT/>
        <VATACCEPTEDADDLTAXAMT/>
        <CASHRECEIVED/>
        <CAPVATASSEABLEVALUE/>
        <CAPVATTAXVALUE/>
        <ORIGPURCHVALUE/>
        <SUPPLYMARGVAL/>
        <STRDAPPRSTATECESSGST/>
        <STRDAPPROPRIATEDDISCOUNT/>
        <STRDEXCISETAX/>
        <TEMPGSTCGSTRATE>0</TEMPGSTCGSTRATE>
        <TEMPGSTSGSTRATE>0</TEMPGSTSGSTRATE>
        <TEMPGSTIGSTRATE>0</TEMPGSTIGSTRATE>
        <TEMPGSTSTATECESSRATE>0</TEMPGSTSTATECESSRATE>
        <TEMPGSTCESSRATE>0</TEMPGSTCESSRATE>
        <TEMPGSTCESSQTYRATE>0</TEMPGSTCESSQTYRATE>
        <DENOMINATIONCOUNT2000X>0</DENOMINATIONCOUNT2000X>
        <DENOMINATIONCOUNT1000X>0</DENOMINATIONCOUNT1000X>
        <DENOMINATIONCOUNT500X>0</DENOMINATIONCOUNT500X>
        <DENOMINATIONCOUNT200X>0</DENOMINATIONCOUNT200X>
        <DENOMINATIONCOUNT100X>0</DENOMINATIONCOUNT100X>
        <DENOMINATIONCOUNT50X>0</DENOMINATIONCOUNT50X>
        <DENOMINATIONCOUNT20X>0</DENOMINATIONCOUNT20X>
        <DENOMINATIONCOUNT10X>0</DENOMINATIONCOUNT10X>
        <DENOMINATIONCOUNT5X>0</DENOMINATIONCOUNT5X>
        <DENOMINATIONCOUNT2X>0</DENOMINATIONCOUNT2X>
        <DENOMINATIONCOUNT1X>0</DENOMINATIONCOUNT1X>
        <DENOMINATIONAMOUNTOTHERS/>
        <CURRPARTYLEDGERNAME/>
        <TEMPVATCLASSIFICATION/>
        <TEMPGSTOVRDNINELIGIBLEITC/>
        <TEMPGSTOVRDNISREVCHARGEAPPL/>
        <TEMPGSTSOURCE/>
        <TEMPHSNSOURCE/>
        <TEMPTDSSECTIONNO/>
        <TEMPTDSNOP/>
        <TEMPTDSDEDNSTATUS/>
        <TEMPTDSRESSTATUS/>
        <TEMPTAXCHEQUENUMBER/>
        <TEMPTAXCHEQUEDATE/>
        <TEMPTAXBSRCODE/>
        <TEMPTAXCHALLANNUMBER/>
        <TEMPTAXCHALLANDATE/>
        <TEMPTAXBANKNAME/>
        <TEMPTAXBANKBRANCHNAME/>
        <ISACCEPTASIS/>
        <INVOICEROUNDINGDIFFVAL/>
        <VATGCCTAXAMOUNT/>
        <GSTCOMPDUTYAMOUNT/>
        <EXCISETEMPDUTYVAL/>
        <ISVATADJLEDGER/>
        <VATASSESMENTATE>0</VATASSESMENTATE>
        <GSTLEDGERDISCOUNT/>
        <GVATLEDGEREXCISE/>
        <GSTDUTYAMOUNT/>
        <RBVATTAXAMOUNT/>
        <SALESCESSTAXAMOUNT/>
        <TEMPHSNEFFDATE/>
        <TEMPTAXRATEEFFDATE/>
        <TEMPPREVLEDGERNAME/>
        <TEMPPREVINCLLEDNAME/>
        <SERVICETAXDETAILS.LIST>        </SERVICETAXDETAILS.LIST>
        <BANKALLOCATIONS.LIST>        </BANKALLOCATIONS.LIST>
        <BILLALLOCATIONS.LIST>        </BILLALLOCATIONS.LIST>
        <INTERESTCOLLECTION.LIST>        </INTERESTCOLLECTION.LIST>
        <OLDAUDITENTRIES.LIST>        </OLDAUDITENTRIES.LIST>
        <ACCOUNTAUDITENTRIES.LIST>        </ACCOUNTAUDITENTRIES.LIST>
        <AUDITENTRIES.LIST>        </AUDITENTRIES.LIST>
        <INPUTCRALLOCS.LIST>        </INPUTCRALLOCS.LIST>
        <DUTYHEADDETAILS.LIST>        </DUTYHEADDETAILS.LIST>
        <EXCISEDUTYHEADDETAILS.LIST>        </EXCISEDUTYHEADDETAILS.LIST>
        <RATEDETAILS.LIST>        </RATEDETAILS.LIST>
        <SUMMARYALLOCS.LIST>        </SUMMARYALLOCS.LIST>
        <CENVATDUTYALLOCATIONS.LIST>        </CENVATDUTYALLOCATIONS.LIST>
        <STPYMTDETAILS.LIST>        </STPYMTDETAILS.LIST>
        <EXCISEPAYMENTALLOCATIONS.LIST>        </EXCISEPAYMENTALLOCATIONS.LIST>
        <TAXBILLALLOCATIONS.LIST>        </TAXBILLALLOCATIONS.LIST>
        <TAXOBJECTALLOCATIONS.LIST>        </TAXOBJECTALLOCATIONS.LIST>
        <TDSEXPENSEALLOCATIONS.LIST>        </TDSEXPENSEALLOCATIONS.LIST>
        <VATSTATUTORYDETAILS.LIST>        </VATSTATUTORYDETAILS.LIST>
        <COSTTRACKALLOCATIONS.LIST>        </COSTTRACKALLOCATIONS.LIST>
        <REFVOUCHERDETAILS.LIST>        </REFVOUCHERDETAILS.LIST>
        <INVOICEWISEDETAILS.LIST>        </INVOICEWISEDETAILS.LIST>
        <VATITCDETAILS.LIST>        </VATITCDETAILS.LIST>
        <ADVANCETAXDETAILS.LIST>        </ADVANCETAXDETAILS.LIST>
        <TAXTYPEALLOCATIONS.LIST>        </TAXTYPEALLOCATIONS.LIST>
       </ACCOUNTINGALLOCATIONS.LIST>
       <DUTYHEADDETAILS.LIST>       </DUTYHEADDETAILS.LIST>
       <RATEDETAILS.LIST>       </RATEDETAILS.LIST>
       <SUPPLEMENTARYDUTYHEADDETAILS.LIST>       </SUPPLEMENTARYDUTYHEADDETAILS.LIST>
       <TAXOBJECTALLOCATIONS.LIST>       </TAXOBJECTALLOCATIONS.LIST>
       <REFVOUCHERDETAILS.LIST>       </REFVOUCHERDETAILS.LIST>
       <EXCISEALLOCATIONS.LIST>       </EXCISEALLOCATIONS.LIST>
       <EXPENSEALLOCATIONS.LIST>       </EXPENSEALLOCATIONS.LIST>
      </ALLINVENTORYENTRIES.LIST>
      <CONTRITRANS.LIST>      </CONTRITRANS.LIST>
      <EWAYBILLERRORLIST.LIST>      </EWAYBILLERRORLIST.LIST>
      <IRNERRORLIST.LIST>      </IRNERRORLIST.LIST>
      <HARYANAVAT.LIST>      </HARYANAVAT.LIST>
      <SUPPLEMENTARYDUTYHEADDETAILS.LIST>      </SUPPLEMENTARYDUTYHEADDETAILS.LIST>
      <INVOICEDELNOTES.LIST>      </INVOICEDELNOTES.LIST>
      <INVOICEORDERLIST.LIST>      </INVOICEORDERLIST.LIST>
      <INVOICEINDENTLIST.LIST>      </INVOICEINDENTLIST.LIST>
      <ATTENDANCEENTRIES.LIST>      </ATTENDANCEENTRIES.LIST>
      <ORIGINVOICEDETAILS.LIST>      </ORIGINVOICEDETAILS.LIST>
      <INVOICEEXPORTLIST.LIST>      </INVOICEEXPORTLIST.LIST>
      <LEDGERENTRIES.LIST>
       <OLDAUDITENTRYIDS.LIST TYPE="Number">
        <OLDAUDITENTRYIDS>-1</OLDAUDITENTRYIDS>
       </OLDAUDITENTRYIDS.LIST>
       <ORIGPURCHINVDATE/>
       <NARRATION/>
       <ADDLALLOCTYPE/>
       <TAXCLASSIFICATIONNAME/>
       <APPROPRIATEFOR/>
       <GSTDUTYHEAD/>
       <GSTAPPROPRIATETO/>
       <NOTIFICATIONSLNO/>
       <EXCISEALLOCTYPE/>
       <SWIFTCODE/>
       <ROUNDTYPE/>
       <LEDGERNAME>Rajesh Traders</LEDGERNAME>
       <TAXUNITNAME/>
       <STATNATURENAME/>
       <GOODSTYPE/>
       <VATTRADENAME/>
       <METHODTYPE/>
       <CLASSRATE/>
       <STATCLASSIFICATIONNAME/>
       <EXCISECLASSIFICATIONNAME/>
       <ISZRBASICSERVICE/>
       <VATCOMMODITYNAME/>
       <SCHEDULE/>
       <SCHEDULESERIALNUMBER/>
       <VATCOMMODITYCODE/>
       <VATSUBCOMMODITYCODE/>
       <VATMAJORCOMMODITYNAME/>
       <STRDGSTDERIVEDLOCATIONTYPE/>
       <STRDGSTDERIVEDTAXABILITY/>
       <STRDGSTDERIVEDNATURETYPE/>
       <STRDGSTDERIVEDSUPPLYTYPE/>
       <TDSPARTYNAME/>
       <VATPARTYORGNAME/>
       <XBRLADJTYPE/>
       <VOUCHERFBTCATEGORY/>
       <TYPEOFTAXPAYMENT/>
       <VATCALCULATIONTYPE/>
       <VATWORKSCONTRACTTYPE/>
       <VATWCDESCRIPTION/>
       <GSTCLASS>&#4; Not Applicable</GSTCLASS>
       <SCHVIADJTYPE/>
       <GSTOVRDNCLASSIFICATION/>
       <GSTOVRDNNATURE/>
       <GSTOVRDNINELIGIBLEITC/>
       <GSTOVRDNISREVCHARGEAPPL/>
       <GSTOVRDNTAXABILITY/>
       <GSTHSNSACCODE/>
       <GSTSOURCETYPE/>
       <GSTITEMSOURCE/>
       <GSTLEDGERSOURCE/>
       <GSTGROUPSOURCE/>
       <GSTSTOCKGROUPSOURCE/>
       <HSNSOURCETYPE/>
       <HSNITEMSOURCE/>
       <HSNLEDGERSOURCE/>
       <HSNGROUPSOURCE/>
       <HSNSTOCKGROUPSOURCE/>
       <GSTOVRDNSTOREDNATURE/>
       <GSTOVRDNTYPEOFSUPPLY/>
       <GSTRATEINFERAPPLICABILITY/>
       <GSTOVRDNNATUREOFGOODS/>
       <GSTHSNNAME/>
       <GSTHSNDESCRIPTION/>
       <GSTHSNINFERAPPLICABILITY/>
       <HSNOVRDNCLASSIFICATION/>
       <STRDGSTFINALNATUREOFENTRY/>
       <STRDGSTDUTYHEAD/>
       <VATGOODSNATURE/>
       <GSTDEPGSTCLASSIFICATION/>
       <GSTDEPHSNCLASSIFICATION/>
       <POSPAYMENTTYPE/>
       <GSTPARTYLEDGER/>
       <ORIGPURCHPARTY/>
       <ORIGPURCHPARTYADDRESS/>
       <ORIGPURCHINVNO/>
       <ORIGPURCHNOTE/>
       <ISDEEMEDPOSITIVE>Yes</ISDEEMEDPOSITIVE>
       <LEDGERFROMITEM>No</LEDGERFROMITEM>
       <REMOVEZEROENTRIES>No</REMOVEZEROENTRIES>
       <ISPARTYLEDGER>Yes</ISPARTYLEDGER>
       <GSTOVERRIDDEN>No</GSTOVERRIDDEN>
       <ISGSTASSESSABLEVALUEOVERRIDDEN>No</ISGSTASSESSABLEVALUEOVERRIDDEN>
       <STRDISGSTAPPLICABLE>No</STRDISGSTAPPLICABLE>
       <STRDGSTISPARTYLEDGER>No</STRDGSTISPARTYLEDGER>
       <STRDGSTISDUTYLEDGER>No</STRDGSTISDUTYLEDGER>
       <CONTENTNEGISPOS>No</CONTENTNEGISPOS>
       <ISLASTDEEMEDPOSITIVE>Yes</ISLASTDEEMEDPOSITIVE>
       <ISCAPVATTAXALTERED>No</ISCAPVATTAXALTERED>
       <ISCAPVATNOTCLAIMED>No</ISCAPVATNOTCLAIMED>
       <STCRADJPERCENT>0</STCRADJPERCENT>
       <ROUNDLIMIT>0</ROUNDLIMIT>
       <RATEOFADDLVAT>0</RATEOFADDLVAT>
       <RATEOFCESSONVAT>0</RATEOFCESSONVAT>
       <VATTAXRATE>0</VATTAXRATE>
       <VATITEMQTY>0</VATITEMQTY>
       <VATWCDEDUCTRATE>0</VATWCDEDUCTRATE>
       <PREVINVTOTALNUM>0</PREVINVTOTALNUM>
       <VATWCDEDUCTIONRATE>0</VATWCDEDUCTIONRATE>
       <GSTTAXRATE>0</GSTTAXRATE>
       <ORIGINVGOODSQTY>0</ORIGINVGOODSQTY>
       <CAPVATTAXRATE>0</CAPVATTAXRATE>
       <AMOUNT>-8600.00</AMOUNT>
       <CESSASSVALONCLASS/>
       <ADDNLVATCLASSAMT/>
       <EIDISCOUNTAMT/>
       <FBTEXEMPTAMOUNT/>
       <VATASSESSABLEVALUE/>
       <VATWCCOSTOFLAND/>
       <VATWCDEDLABOURCHARGES/>
       <VATWCOTHERDEDUCTIONAMT/>
       <VATWCVALUEOFTAXFREEGOODS/>
       <VATWCOTHERCHARGES/>
       <VATWCSUBCONTRACTORAMT/>
       <VATWCDEDUCTAMT/>
       <WCTOTALDEDUCTIONAMT/>
       <PREVAMOUNT/>
       <PREVINVTOTALAMT/>
       <VATWCDEDUCTIONAMOUNT/>
       <ORIGINVGOODSVALUE/>
       <CENVATCAPTINPUTAMT/>
       <GSTASSESSABLEVALUE/>
       <IGSTLIABILITY/>
       <CGSTLIABILITY/>
       <SGSTLIABILITY/>
       <GSTCESSLIABILITY/>
       <GSTOVRDNASSESSABLEVALUE/>
       <GSTASSBLVALUE/>
       <STRDCOMPUTEDASSESSABLEVALUE/>
       <STRDCOMPUTEDIGST/>
       <STRDCOMPUTEDCGST/>
       <STRDCOMPUTEDSGST/>
       <STRDCOMPUTEDCESS/>
       <STRDCOMPUTEDCESSONQTY/>
       <ORIGINVGOODSTAXVALUE/>
       <VATWCESTABLISHMENTCOST/>
       <VATWCCONTRACTORPROFIT/>
       <VATWCPLANNINGDESIGNFEES/>
       <VATWCMACHINERYTOOLSCHARGES/>
       <VATWCCONSUMABLESCOST/>
       <VATEXPAMOUNT/>
       <VATASSBLVALUE/>
       <VATACCEPTEDTAXAMT/>
       <VATACCEPTEDADDLTAXAMT/>
       <CASHRECEIVED/>
       <CAPVATASSEABLEVALUE/>
       <CAPVATTAXVALUE/>
       <ORIGPURCHVALUE/>
       <SUPPLYMARGVAL/>
       <STRDAPPRSTATECESSGST/>
       <STRDAPPROPRIATEDDISCOUNT/>
       <STRDEXCISETAX/>
       <TEMPGSTCGSTRATE>0</TEMPGSTCGSTRATE>
       <TEMPGSTSGSTRATE>0</TEMPGSTSGSTRATE>
       <TEMPGSTIGSTRATE>0</TEMPGSTIGSTRATE>
       <TEMPGSTSTATECESSRATE>0</TEMPGSTSTATECESSRATE>
       <TEMPGSTCESSRATE>0</TEMPGSTCESSRATE>
       <TEMPGSTCESSQTYRATE>0</TEMPGSTCESSQTYRATE>
       <DENOMINATIONCOUNT2000X>0</DENOMINATIONCOUNT2000X>
       <DENOMINATIONCOUNT1000X>0</DENOMINATIONCOUNT1000X>
       <DENOMINATIONCOUNT500X>0</DENOMINATIONCOUNT500X>
       <DENOMINATIONCOUNT200X>0</DENOMINATIONCOUNT200X>
       <DENOMINATIONCOUNT100X>0</DENOMINATIONCOUNT100X>
       <DENOMINATIONCOUNT50X>0</DENOMINATIONCOUNT50X>
       <DENOMINATIONCOUNT20X>0</DENOMINATIONCOUNT20X>
       <DENOMINATIONCOUNT10X>0</DENOMINATIONCOUNT10X>
       <DENOMINATIONCOUNT5X>0</DENOMINATIONCOUNT5X>
       <DENOMINATIONCOUNT2X>0</DENOMINATIONCOUNT2X>
       <DENOMINATIONCOUNT1X>0</DENOMINATIONCOUNT1X>
       <DENOMINATIONAMOUNTOTHERS/>
       <CURRPARTYLEDGERNAME/>
       <TEMPVATCLASSIFICATION/>
       <TEMPGSTOVRDNINELIGIBLEITC/>
       <TEMPGSTOVRDNISREVCHARGEAPPL/>
       <TEMPGSTSOURCE/>
       <TEMPHSNSOURCE/>
       <TEMPTDSSECTIONNO/>
       <TEMPTDSNOP/>
       <TEMPTDSDEDNSTATUS/>
       <TEMPTDSRESSTATUS/>
       <TEMPTAXCHEQUENUMBER/>
       <TEMPTAXCHEQUEDATE/>
       <TEMPTAXBSRCODE/>
       <TEMPTAXCHALLANNUMBER/>
       <TEMPTAXCHALLANDATE/>
       <TEMPTAXBANKNAME/>
       <TEMPTAXBANKBRANCHNAME/>
       <ISACCEPTASIS/>
       <INVOICEROUNDINGDIFFVAL/>
       <VATGCCTAXAMOUNT/>
       <GSTCOMPDUTYAMOUNT/>
       <EXCISETEMPDUTYVAL/>
       <ISVATADJLEDGER/>
       <VATASSESMENTATE>0</VATASSESMENTATE>
       <GSTLEDGERDISCOUNT/>
       <GVATLEDGEREXCISE/>
       <GSTDUTYAMOUNT/>
       <RBVATTAXAMOUNT/>
       <SALESCESSTAXAMOUNT/>
       <TEMPHSNEFFDATE/>
       <TEMPTAXRATEEFFDATE/>
       <TEMPPREVLEDGERNAME/>
       <TEMPPREVINCLLEDNAME/>
       <SERVICETAXDETAILS.LIST>       </SERVICETAXDETAILS.LIST>
       <BANKALLOCATIONS.LIST>       </BANKALLOCATIONS.LIST>
       <BILLALLOCATIONS.LIST>
        <YEAREND/>
        <NAME>1</NAME>
        <BILLCREDITPERIOD/>
        <TDSDEDUCTEESECTIONNUMBER/>
        <TDSLEDGERNC/>
        <SERVICETAXLEDGER/>
        <BILLTYPE>New Ref</BILLTYPE>
        <SUMNAME/>
        <TDSDEDUCTEEISSPECIALRATE>No</TDSDEDUCTEEISSPECIALRATE>
        <TDSDEDUCTEESPECIALRATE>0</TDSDEDUCTEESPECIALRATE>
        <AMOUNT>-8600.00</AMOUNT>
        <INTERESTCOLLECTION.LIST>        </INTERESTCOLLECTION.LIST>
        <STBILLCATEGORIES.LIST>        </STBILLCATEGORIES.LIST>
       </BILLALLOCATIONS.LIST>
       <INTERESTCOLLECTION.LIST>       </INTERESTCOLLECTION.LIST>
       <OLDAUDITENTRIES.LIST>       </OLDAUDITENTRIES.LIST>
       <ACCOUNTAUDITENTRIES.LIST>       </ACCOUNTAUDITENTRIES.LIST>
       <AUDITENTRIES.LIST>       </AUDITENTRIES.LIST>
       <INPUTCRALLOCS.LIST>       </INPUTCRALLOCS.LIST>
       <DUTYHEADDETAILS.LIST>       </DUTYHEADDETAILS.LIST>
       <EXCISEDUTYHEADDETAILS.LIST>       </EXCISEDUTYHEADDETAILS.LIST>
       <RATEDETAILS.LIST>       </RATEDETAILS.LIST>
       <SUMMARYALLOCS.LIST>       </SUMMARYALLOCS.LIST>
       <CENVATDUTYALLOCATIONS.LIST>       </CENVATDUTYALLOCATIONS.LIST>
       <STPYMTDETAILS.LIST>       </STPYMTDETAILS.LIST>
       <EXCISEPAYMENTALLOCATIONS.LIST>       </EXCISEPAYMENTALLOCATIONS.LIST>
       <TAXBILLALLOCATIONS.LIST>       </TAXBILLALLOCATIONS.LIST>
       <TAXOBJECTALLOCATIONS.LIST>       </TAXOBJECTALLOCATIONS.LIST>
       <TDSEXPENSEALLOCATIONS.LIST>       </TDSEXPENSEALLOCATIONS.LIST>
       <VATSTATUTORYDETAILS.LIST>       </VATSTATUTORYDETAILS.LIST>
       <COSTTRACKALLOCATIONS.LIST>       </COSTTRACKALLOCATIONS.LIST>
       <REFVOUCHERDETAILS.LIST>       </REFVOUCHERDETAILS.LIST>
       <INVOICEWISEDETAILS.LIST>       </INVOICEWISEDETAILS.LIST>
       <VATITCDETAILS.LIST>       </VATITCDETAILS.LIST>
       <ADVANCETAXDETAILS.LIST>       </ADVANCETAXDETAILS.LIST>
       <TAXTYPEALLOCATIONS.LIST>       </TAXTYPEALLOCATIONS.LIST>
      </LEDGERENTRIES.LIST>
      <GST.LIST>      </GST.LIST>
      <STKJRNLADDLCOSTDETAILS.LIST>      </STKJRNLADDLCOSTDETAILS.LIST>
      <PAYROLLMODEOFPAYMENT.LIST>      </PAYROLLMODEOFPAYMENT.LIST>
      <ATTDRECORDS.LIST>      </ATTDRECORDS.LIST>
      <GSTEWAYCONSIGNORADDRESS.LIST>      </GSTEWAYCONSIGNORADDRESS.LIST>
      <GSTEWAYCONSIGNEEADDRESS.LIST>      </GSTEWAYCONSIGNEEADDRESS.LIST>
      <TEMPGSTRATEDETAILS.LIST>      </TEMPGSTRATEDETAILS.LIST>
      <TEMPGSTADVADJUSTED.LIST>      </TEMPGSTADVADJUSTED.LIST>
      <GSTBUYERADDRESS.LIST>      </GSTBUYERADDRESS.LIST>
      <GSTCONSIGNEEADDRESS.LIST>      </GSTCONSIGNEEADDRESS.LIST>
     </VOUCHER>
    </TALLYMESSAGE>
    <TALLYMESSAGE xmlns:UDF="TallyUDF">
     <VOUCHER REMOTEID="4f4b301a-1b53-4744-b942-cc755b053d67-00000002" VCHKEY="4f4b301a-1b53-4744-b942-cc755b053d67-0000b2b3:00000010" VCHTYPE="Sales" ACTION="Create" OBJVIEW="Invoice Voucher View">
      <OLDAUDITENTRYIDS.LIST TYPE="Number">
       <OLDAUDITENTRYIDS>-1</OLDAUDITENTRYIDS>
      </OLDAUDITENTRYIDS.LIST>
      <VATREGISTRATIONDATE/>
      <CSTREGISTRATIONDATE/>
      <FROMDATE/>
      <TODATE/>
      <ACTIVETO/>
      <ALTEREDON/>
      <DATE>20250401</DATE>
      <LUTDATEOFISSUE/>
      <LUTEXPIRYDATE/>
      <BONDDATEOFISSUE/>
      <BONDEXPIRYDATE/>
      <TAXCHEQUEDATE/>
      <TAXCHALLANDATE/>
      <REFERENCEDATE/>
      <SHIPPINGBILLDATE/>
      <BILLOFENTRYDATE/>
      <VATPARTYTRANSRETURNDATE/>
      <ORIGINALVCHDATE/>
      <ISDDOCUMENTDATE/>
      <IRNCANCELDATE/>
      <IRNACKDATE/>
      <RECONCILATIONDATE/>
      <FORM16ISSUEDATE/>
      <CSTFORMISSUEDATE/>
      <CSTFORMRECVDATE/>
      <CERTIFICATEDATE/>
      <TRADERMFGRINVOICEDT/>
      <FBTFROMDATE/>
      <FBTTODATE/>
      <RETURNINVOICEDATE/>
      <AGGREMENTORDERDATE/>
      <GOODSRCPTDATE/>
      <LORRYRECPTDATE/>
      <TRANSSALELANDINGDATE/>
      <TRANSBUYERLANDINGDATE/>
      <CREDITLETTERDATE/>
      <AIRWAYBILLDATE/>
      <VATORDERDATE/>
      <INVDELIVERYDATE/>
      <BILLOFLADINGDATE/>
      <VATDEPOSITDATE/>
      <VATDOCUMENTDATE/>
      <VATCHALLANDATE/>
      <ECDATE/>
      <VATTDSDATE/>
      <ADJFROMDATE/>
      <ADJTODATE/>
      <VATDDCHEQUEDATE/>
      <VATDUEDATE/>
      <VATINTDATE/>
      <VATDELAY/>
      <VATGRNDATE/>
      <REFUNDORDERDT/>
      <VATFORMSUBMISSIONDATE/>
      <VATCANCSALESINVOICEDATE/>
      <VATFORMTWELVEDATE/>
      <UTKAGREEORDDATE/>
      <UTKGOODSDELDATE/>
      <VATBILTYDATE/>
      <EIDESPDATE/>
      <VATCSTE1SERIESDATE/>
      <VCHVATDEPOSITDATE/>
      <VCHREFERENCEDATE/>
      <TAXPAYPERIODFROMDATE/>
      <TAXPAYPERIODTODATE/>
      <STTAXCHALLANDATE/>
      <GSTCHALLANDATE/>
      <GSTCHALLANEXPIRYDATE/>
      <ADJPARTYINVOICEDATE/>
      <ADJPARTYPAYMENTDATE/>
      <PARTYORDERDATE/>
      <ADVANCERECEIPTDATE/>
      <REFUNDVOUCHERDATE/>
      <VCHSTATUSDATE>20250401</VCHSTATUSDATE>
      <PAYMENTLINKEXPIRYDATE/>
      <VATSUBMISSIONDATE/>
      <PARTYINVDATE/>
      <INSPDOCDATE/>
      <VATCANCINVDATE/>
      <VATGOODSRECEIPTDATE/>
      <VATCSTE1DATE/>
      <DISPATCHDATE/>
      <AUDITEDON/>
      <GUID>4f4b301a-1b53-4744-b942-cc755b053d67-00000002</GUID>
      <VATDISTRICTNAME/>
      <GSTREGISTRATIONTYPE>Regular</GSTREGISTRATIONTYPE>
      <VATDEALERTYPE>Regular</VATDEALERTYPE>
      <STATENAME/>
      <PRICELEVEL/>
      <TDSNATUREOFPAYMENT/>
      <AUTOCOSTLEVEL/>
      <PURPOSETYPE/>
      <NARRATION/>
      <ENTEREDBY/>
      <ALTEREDBY/>
      <TYPEOFUPDATEACTIVITY/>
      <OBJECTUPDATEACTION/>
      <REQUESTORRULE/>
      <COUNTRYOFRESIDENCE>India</COUNTRYOFRESIDENCE>
      <IMPORTEREXPORTERCODE/>
      <PARTYGSTIN/>
      <VATDEALERNATURE/>
      <NATUREOFSALES/>
      <EXCISENOTIFICATIONNO/>
      <PLACEOFSUPPLY/>
      <LUTNUMBER/>
      <BONDNUMBER/>
      <AUTHORITYNAME/>
      <AUTHORITYADDRESS/>
      <TAXUNITNAME/>
      <ITEMSTATE/>
      <EXCISEUNITNAME/>
      <VOUCHERTYPENAME>Sales</VOUCHERTYPENAME>
      <CLASSNAME/>
      <POSCARDLEDGER/>
      <POSCASHLEDGER/>
      <POSGIFTLEDGER/>
      <POSCHEQUELEDGER/>
      <SECTIONNAME/>
      <EXCISECLASSIFICATIONNAME/>
      <TDSSECTIONNO/>
      <TDSDEDNSTATUS/>
      <TAXBANKCHALLANNUMBER/>
      <TAXCHALLANBSRCODE/>
      <TAXCHEQUENUMBER/>
      <TAXBANKNAME/>
      <TAXBANKBRANCHNAME/>
      <PARTYNAME>Suresh Enterprise</PARTYNAME>
      <GSTREGISTRATION/>
      <CMPGSTIN/>
      <RETURNNAME/>
      <ECOMMERCEGSTIN/>
      <PARTYLEDGERNAME>Suresh Enterprise</PARTYLEDGERNAME>
      <VOUCHERNUMBER>2</VOUCHERNUMBER>
      <TAXADJUSTMENT/>
      <BUYERADDRESSTYPE/>
      <PORTCODE/>
      <SHIPPINGBILLNO/>
      <BILLOFENTRYNO/>
      <VATPARTYTRANSRETURNNUMBER/>
      <BASICBUYERNAME>Suresh Enterprise</BASICBUYERNAME>
      <CMPGSTREGISTRATIONTYPE/>
      <URDORIGINALSALEVALUE/>
      <GSTNATUREOFRETURN/>
      <ORIGINALVCHNUMBER/>
      <ISDDOCUMENTNUMBER/>
      <TAXPAYMENTTYPE/>
      <STATPAYMENTTYPE/>
      <GSTADDITIONALDETAILS/>
      <REFERENCE/>
      <GSTITCDOCUMENTTYPE/>
      <PARTYMAILINGNAME>Suresh Enterprise</PARTYMAILINGNAME>
      <PARTYPINCODE/>
      <IRN/>
      <IRNCANCELREASON/>
      <IRNCANCELCODE/>
      <BILLTOPLACE/>
      <DISPATCHFROMNAME/>
      <DISPATCHFROMSTATENAME/>
      <DISPATCHFROMPINCODE/>
      <DISPATCHFROMPLACE/>
      <SHIPTOPLACE/>
      <CONSIGNEEGSTIN/>
      <CONSIGNEEMAILINGNAME>Suresh Enterprise</CONSIGNEEMAILINGNAME>
      <CONSIGNEEPINCODE/>
      <CONSIGNEESTATENAME/>
      <CMPGSTSTATE/>
      <IRNQRCODE/>
      <CONSIGNEECOUNTRYNAME>India</CONSIGNEECOUNTRYNAME>
      <PARTYADDRESSTYPE/>
      <GSTSUPPLYTYPE/>
      <IRNACKNO/>
      <IRNIRPSOURCE/>
      <REMARKS/>
      <BASICBASEPARTYNAME>Suresh Enterprise</BASICBASEPARTYNAME>
      <BASICVOUCHERCHEQUENAME/>
      <BASICVOUCHERCROSSCOMMENT/>
      <EXCHGCURRENCYNAME/>
      <SERIALMASTER/>
      <SERIALNUMBER/>
      <STATADJUSTMENTTYPE/>
      <CONSIGNEEIECODE/>
      <SUPPLIERIECODE/>
      <ARESERIALMASTER/>
      <ARESERIALNUMBER/>
      <SUMAUTOVCHNUM/>
      <VCHRETAINEDPURPOSE/>
      <NUMBERINGSTYLE>Auto Retain</NUMBERINGSTYLE>
      <OPBALANCEUSEDFOR/>
      <TAXBANKACCOUNTNUMBER/>
      <TDSADJUSTMENTTYPE/>
      <CSTFORMISSUETYPE>&#4; Not Applicable</CSTFORMISSUETYPE>
      <CSTFORMISSUENUMBER/>
      <CSTFORMRECVTYPE>&#4; Not Applicable</CSTFORMRECVTYPE>
      <CSTFORMRECVNUMBER/>
      <CONSIGNEECSTNUMBER/>
      <BUYERSCSTNUMBER/>
      <CSTFORMISSUESERIESNUM/>
      <CSTFORMRECVSERIESNUM/>
      <EXCISETREASURYNUMBER/>
      <EXCISETREASURYNAME/>
      <CERTIFICATETYPE/>
      <CERTIFICATENUMBER/>
      <AREFORMTYPE/>
      <DESTINATIONTAXUNIT/>
      <TRADERCONSVATTINNO/>
      <TRADERCONSEXCISEREGNNO/>
      <TRADERCONSRANGE/>
      <TRADERCONSDIVISION/>
      <TRADERCONSCOMMISSIONERATE/>
      <TRADERSUPPEXCISEREGNNO/>
      <TRADERSUPPRANGE/>
      <TRADERSUPPDIVISION/>
      <TRADERSUPPCOMMISSIONERATE/>
      <TRADERMFGREXCISEREGNNO/>
      <TRADERMFGRRANGE/>
      <TRADERMFGRDIVISION/>
      <TRADERMFGRCOMMISSIONERATE/>
      <TRADERMFGRNAME/>
      <TRADERMFGRINVOICENO/>
      <FBTPAYMENTTYPE>Default</FBTPAYMENTTYPE>
      <POSCARDNUMBER/>
      <POSCHEQUENUMBER/>
      <POSCHEQUEBANKNAME/>
      <CHALLANTYPE/>
      <CHEQUEDEPOSITORNAME/>
      <EXCISENOTIFICATIONSERIALNO/>
      <PERSISTEDVIEW>Invoice Voucher View</PERSISTEDVIEW>
      <EXCISETARIFFTYPE/>
      <CONSIGNEELBTREGNNO/>
      <CONSIGNEELBTZONE/>
      <SUPPLIERLBTREGNNO/>
      <SUPPLIERLBTZONE/>
      <LBTMAPPEDCATEGORY/>
      <LBTMAPPEDZONE/>
      <LBTNATUREOFLIABILITY/>
      <CASHPARTYPAN/>
      <CASHPARTYDEDTYPE/>
      <VCHTAXTYPE/>
      <TCSADJUSTMENTTYPE/>
      <PURPOSEOFPURCHASE/>
      <POINTOFTRANSACTION/>
      <TRANSPORTERNAME/>
      <TRANSPORTMODE/>
      <AGGREMENTORDERNO/>
      <FOREIGNSELLERNAME/>
      <EXPORTERCOUNTRY/>
      <GOODSVEHICLENUMBER/>
      <SHIPNAME/>
      <SHIPAGENTNAME/>
      <CLEARINGAGENTNAME/>
      <LORRYRECPTNO/>
      <CARRIERNAME/>
      <CREDITLETTERREF/>
      <AIRWAYBILLNO/>
      <FWDAGENTNAME/>
      <VATORDERNO/>
      <VATSELLERTIN/>
      <TRANSSOURCEPLACE/>
      <TRANSCATEGORY/>
      <VATDOCUMENTTYPE/>
      <VATTRANSBILLQTY/>
      <VATTRANSBILLNO/>
      <BILLOFLADINGNO/>
      <VATPAIDAGAINST/>
      <VATBANKNAME/>
      <VATBANKBRANCH/>
      <VATDDCHEQUENO/>
      <VATADJUSTMENTTYPE/>
      <VATFORMSTATUS/>
      <VATDOCUMENTNUMBER/>
      <VATSOURCESTATE/>
      <VATDESTINATIONSTATE/>
      <VATDESTINATIONPLACE/>
      <VATPARTYORGTYPE/>
      <VATPARTYTYPE/>
      <VATCHALLANNUMBER/>
      <VATDESIGOFPURCHASER/>
      <VATPURCHASERCPTTYPE/>
      <VATGOODSRCPTNO/>
      <VATPARTYORGNAME/>
      <AIRPORTNAME/>
      <TDNOFAWARDER/>
      <ECNUMBER/>
      <ECISSUINGAUTHORITY/>
      <CONTRACTORTIN/>
      <VATTDSBARCODE/>
      <VATPYMTMODEOFDEPOSIT/>
      <VATPYMTTAXDESC/>
      <VATBANKACCNUMBER/>
      <VATBRANCHCODE/>
      <VATTRANSSOURCE/>
      <VATADJADDLDETAILS/>
      <VATBRANCHNAME/>
      <PRIORITYSTATECONFLICT/>
      <EICHECKPOST/>
      <PORTNAME/>
      <VATEFORMAPPLICABLE/>
      <VATEFORMAPPLICABLENO/>
      <VATINCOURSEOF/>
      <VATDISPATCHTIME/>
      <VATTRANSPORTERADDRESS/>
      <VATCONTRACTEETDN/>
      <VATCONTRACTEEDISTRICT/>
      <VATCONTRACTEENAME/>
      <CONSUMERIDENTIFICATIONNUMBER/>
      <VATVCHRHANDLE/>
      <VATCHALLANNO/>
      <TAXINVOICENO/>
      <VATTREASURY/>
      <VATTYPE/>
      <VATISSUEBANK/>
      <BOOKNUMBER/>
      <VATCHALLANAGAINST/>
      <VATPAYMENTMODE/>
      <VATDEMANDPURPOSE/>
      <VATFORM38NO/>
      <VATCUSTOMSENTRYNO/>
      <VATPARTNERNAME/>
      <VATDRIVERADDRESS/>
      <VATSOURCEDISTRICT/>
      <VATDESTINATIONDISTRICT/>
      <VATLICENSESTATE/>
      <VATVEHICLENO/>
      <VATWAYBILLNUMBER/>
      <VATCHECKPOSTNAME/>
      <VATCANCSALESINVOICENO/>
      <VATCANCSALESPARTYNAME/>
      <VATCANCSALESPARTYCSTTIN/>
      <VATFORMTWELVENO/>
      <UTKAGREEORDNO/>
      <UTKTRNSPORTCMPNAME/>
      <UTKTRANSPORTMODE/>
      <UTKTRANSPORTVEHNO/>
      <VATBILTYNO/>
      <VATFORM49NO/>
      <VATCATEGORYTYPE/>
      <VATWAYBILLQTY/>
      <VCHVATDOCUMENTTYPE/>
      <REFUNDORDERNO/>
      <VATPURPOSECODE/>
      <VATDESCRIPTION/>
      <DEPOTNAME/>
      <CMPTYPEOFDEVICE/>
      <CMPDEVICENO/>
      <VATBANK/>
      <VATBRANCH/>
      <VATDRAFTCHEQUENO/>
      <VATWCDESC/>
      <VATCHECKPOST/>
      <VATCSTE1SERIESNUMBER/>
      <VATCSTE1SERIALNUMBER/>
      <BUYERPINNO/>
      <CONSIGNEEPINNO/>
      <VATEXEMPTCERTIFINO/>
      <VATWAYBILLNO/>
      <VATBRIEFDESC/>
      <VATEXPORTENTRYNUMBER/>
      <STTVCHRHANDLE/>
      <SRVTREGNUMBER/>
      <STTAXBANKCHALLANNUMBER/>
      <TYPEOFEXCISEVOUCHER/>
      <GSTBANKNAME/>
      <GSTBANKACCOUNTNUMBER/>
      <GSTBANKACCOUNTTYPE/>
      <GSTBANKACCOUNTHOLDER/>
      <GSTBANKBRANCHADDRESS/>
      <GSTBANKIFSCCODE/>
      <GSTBANKMICRCODE/>
      <GSTDEBITDOCNUMBER/>
      <GSTPYMTMODEOFDEPOSIT/>
      <GSTBANKBRANCHNAME/>
      <GSTINSTRUMENTNUMBER/>
      <GSTCHALLANNUMBER/>
      <GSTCPINNUMBER/>
      <GSTCINNUMBER/>
      <ADJPARTYGSTIN/>
      <ADJPARTYINVOICENO/>
      <GSTMERCHANTID/>
      <PARTYORDERNO/>
      <GSTITCREVERSALDETAILS/>
      <GSTACTIVITYSTATUS/>
      <GSTRECONSTATUS/>
      <GSTREASONFORREJECTION/>
      <ADVANCERECEIPTNUMBER/>
      <REFUNDVOUCHERNUMBER/>
      <GSTNATURE/>
      <VCHTAXUNIT/>
      <DISPATCHFROMADDRESSTYPE/>
      <VCHSTATUSTAXADJUSTMENT>Default</VCHSTATUSTAXADJUSTMENT>
      <VCHSTATUSVOUCHERTYPE>Sales</VCHSTATUSVOUCHERTYPE>
      <VCHSTATUSTAXUNIT/>
      <PAYMENTLINK/>
      <BASICSHIPPEDBY/>
      <BASICDESTINATIONCOUNTRY/>
      <BASICPLACEOFRECEIPT/>
      <BASICSHIPDOCUMENTNO/>
      <BASICPORTOFLOADING/>
      <BASICPORTOFDISCHARGE/>
      <BASICFINALDESTINATION/>
      <BASICORDERREF/>
      <BASICSHIPVESSELNO/>
      <BASICBUYERSSALESTAXNO/>
      <BASICDUEDATEOFPYMT/>
      <BASICSERIALNUMINPLA/>
      <BASICDATETIMEOFINVOICE/>
      <BASICDATETIMEOFREMOVAL/>
      <MFGRADDRESSTYPE/>
      <TRANSPORTERADDRROOM/>
      <TRANSPORTERADDRBLDG/>
      <TRANSPORTERADDRROAD/>
      <TRANSPORTERADDRAREA/>
      <TRANSPORTERADDRTOWN/>
      <TRANSPORTERADDRDIST/>
      <TRANSPORTERADDRSTATE/>
      <TRANSPORTERADDRPINCODE/>
      <TRANSPORTERADDRPHONE/>
      <TRANSPORTERADDRFAX/>
      <TRANSPORTERVEHICLE2/>
      <TRANSPORTLOCALTIN/>
      <VATCFORMISSUESTATE/>
      <PLACEOFSUPPLYSTATE/>
      <PLACEOFSUPPLYCOUNTRY/>
      <EMIRATEPOS/>
      <VCHGSTCLASS>&#4; Not Applicable</VCHGSTCLASS>
      <COSTCENTRENAME/>
      <ADDITIONALNARRATION/>
      <PARTYINVNO/>
      <INSPDOCNO/>
      <SETTLEMENTTYPE/>
      <VOUCHERTIME/>
      <HOLDREFERENCE/>
      <VATCANCINVNO/>
      <VATCANCPURCTIN/>
      <VATCANCPURCNAME/>
      <VATTYPEOFDEVICE/>
      <VATBRIEFDESCRIPTION/>
      <VATDEVICENO/>
      <BUYERPINNUMBER/>
      <VATEXPORTENTRYNO/>
      <CONSIGNEEPINNUMBER/>
      <VATEXEMPTCERTIFICATENO/>
      <VATVEHICLENUMBER/>
      <VATGOODSRECEIPTNUMBER/>
      <VATMOBILENUMBER/>
      <VATCSTE1SERIESNO/>
      <VATCSTE1SERIALNO/>
      <VATPERMITFORM/>
      <VATCERTIFICATENO/>
      <CONSIGNEECIRCLE/>
      <CONSIGNEECITY/>
      <CONSIGNEEMOBILENUMBER/>
      <CONSIGNEEOTHERS/>
      <CONSIGNEEMAIL/>
      <DELIVERYCITY/>
      <DELIVERYPINCODE/>
      <DELIVERYOTHERS/>
      <DELIVERYSTATE/>
      <DISPATCHCITY/>
      <DISPATCHPINCODE/>
      <DESTINATIONPERMITNUMBER/>
      <ENTRYCHECKPOSTLOCATION/>
      <EXITCHECKPOSTLOCATION/>
      <VATTDSDEDUCTORNAME/>
      <VCHENTRYMODE>Item Invoice</VCHENTRYMODE>
      <ISDDCNOTEDOCNUMBER/>
      <OPENINGVCHFOR/>
      <VOUCHERTYPEORIGNAME/>
      <DOCUMENTID/>
      <EXCHANGEPURPOSE/>
      <DIFFACTUALQTY>No</DIFFACTUALQTY>
      <ISMSTFROMSYNC>No</ISMSTFROMSYNC>
      <ISDELETED>No</ISDELETED>
      <ISSECURITYONWHENENTERED>No</ISSECURITYONWHENENTERED>
      <ASORIGINAL>No</ASORIGINAL>
      <AUDITED>No</AUDITED>
      <ISCOMMONPARTY>No</ISCOMMONPARTY>
      <FORJOBCOSTING>No</FORJOBCOSTING>
      <ISOPTIONAL>No</ISOPTIONAL>
      <EFFECTIVEDATE>20250401</EFFECTIVEDATE>
      <USEFOREXCISE>No</USEFOREXCISE>
      <ISFORJOBWORKIN>No</ISFORJOBWORKIN>
      <ALLOWCONSUMPTION>No</ALLOWCONSUMPTION>
      <USEFORINTEREST>No</USEFORINTEREST>
      <USEFORGAINLOSS>No</USEFORGAINLOSS>
      <USEFORGODOWNTRANSFER>No</USEFORGODOWNTRANSFER>
      <USEFORCOMPOUND>No</USEFORCOMPOUND>
      <USEFORSERVICETAX>No</USEFORSERVICETAX>
      <ISREVERSECHARGEAPPLICABLE>No</ISREVERSECHARGEAPPLICABLE>
      <ISSYSTEM>No</ISSYSTEM>
      <ISFETCHEDONLY>No</ISFETCHEDONLY>
      <ISGSTOVERRIDDEN>No</ISGSTOVERRIDDEN>
      <ISCANCELLED>No</ISCANCELLED>
      <ISONHOLD>No</ISONHOLD>
      <ISSUMMARY>No</ISSUMMARY>
      <ISECOMMERCESUPPLY>No</ISECOMMERCESUPPLY>
      <ISBOENOTAPPLICABLE>No</ISBOENOTAPPLICABLE>
      <ISGSTSECSEVENAPPLICABLE>No</ISGSTSECSEVENAPPLICABLE>
      <IGNOREEINVVALIDATION>No</IGNOREEINVVALIDATION>
      <CMPGSTISOTHTERRITORYASSESSEE>No</CMPGSTISOTHTERRITORYASSESSEE>
      <PARTYGSTISOTHTERRITORYASSESSEE>No</PARTYGSTISOTHTERRITORYASSESSEE>
      <IRNJSONEXPORTED>No</IRNJSONEXPORTED>
      <IRNCANCELLED>No</IRNCANCELLED>
      <IGNOREGSTCONFLICTINMIG>No</IGNOREGSTCONFLICTINMIG>
      <ISOPBALTRANSACTION>No</ISOPBALTRANSACTION>
      <IGNOREGSTFORMATVALIDATION>No</IGNOREGSTFORMATVALIDATION>
      <ISELIGIBLEFORITC>Yes</ISELIGIBLEFORITC>
      <IGNOREGSTOPTIONALUNCERTAIN>No</IGNOREGSTOPTIONALUNCERTAIN>
      <UPDATESUMMARYVALUES>No</UPDATESUMMARYVALUES>
      <ISEWAYBILLAPPLICABLE>No</ISEWAYBILLAPPLICABLE>
      <ISDELETEDRETAINED>No</ISDELETEDRETAINED>
      <ISNULL>No</ISNULL>
      <ISEXCISEVOUCHER>No</ISEXCISEVOUCHER>
      <EXCISETAXOVERRIDE>No</EXCISETAXOVERRIDE>
      <USEFORTAXUNITTRANSFER>No</USEFORTAXUNITTRANSFER>
      <ISEXER1NOPOVERWRITE>No</ISEXER1NOPOVERWRITE>
      <ISEXF2NOPOVERWRITE>No</ISEXF2NOPOVERWRITE>
      <ISEXER3NOPOVERWRITE>No</ISEXER3NOPOVERWRITE>
      <IGNOREPOSVALIDATION>No</IGNOREPOSVALIDATION>
      <EXCISEOPENING>No</EXCISEOPENING>
      <USEFORFINALPRODUCTION>No</USEFORFINALPRODUCTION>
      <ISTDSOVERRIDDEN>No</ISTDSOVERRIDDEN>
      <ISTCSOVERRIDDEN>No</ISTCSOVERRIDDEN>
      <ISTDSTCSCASHVCH>No</ISTDSTCSCASHVCH>
      <INCLUDEADVPYMTVCH>No</INCLUDEADVPYMTVCH>
      <ISSUBWORKSCONTRACT>No</ISSUBWORKSCONTRACT>
      <ISVATOVERRIDDEN>No</ISVATOVERRIDDEN>
      <IGNOREORIGVCHDATE>No</IGNOREORIGVCHDATE>
      <ISVATPAIDATCUSTOMS>No</ISVATPAIDATCUSTOMS>
      <ISDECLAREDTOCUSTOMS>No</ISDECLAREDTOCUSTOMS>
      <VATADVANCEPAYMENT>No</VATADVANCEPAYMENT>
      <VATADVPAY>No</VATADVPAY>
      <ISCSTDELCAREDGOODSSALES>No</ISCSTDELCAREDGOODSSALES>
      <ISVATRESTAXINV>No</ISVATRESTAXINV>
      <ISSERVICETAXOVERRIDDEN>No</ISSERVICETAXOVERRIDDEN>
      <ISISDVOUCHER>No</ISISDVOUCHER>
      <ISEXCISEOVERRIDDEN>No</ISEXCISEOVERRIDDEN>
      <ISEXCISESUPPLYVCH>No</ISEXCISESUPPLYVCH>
      <GSTNOTEXPORTED>No</GSTNOTEXPORTED>
      <IGNOREGSTINVALIDATION>No</IGNOREGSTINVALIDATION>
      <ISGSTREFUND>No</ISGSTREFUND>
      <OVRDNEWAYBILLAPPLICABILITY>No</OVRDNEWAYBILLAPPLICABILITY>
      <ISVATPRINCIPALACCOUNT>No</ISVATPRINCIPALACCOUNT>
      <VCHSTATUSISVCHNUMUSED>No</VCHSTATUSISVCHNUMUSED>
      <VCHGSTSTATUSISINCLUDED>No</VCHGSTSTATUSISINCLUDED>
      <VCHGSTSTATUSISUNCERTAIN>Yes</VCHGSTSTATUSISUNCERTAIN>
      <VCHGSTSTATUSISEXCLUDED>No</VCHGSTSTATUSISEXCLUDED>
      <VCHGSTSTATUSISAPPLICABLE>Yes</VCHGSTSTATUSISAPPLICABLE>
      <VCHGSTSTATUSISGSTR2BRECONCILED>No</VCHGSTSTATUSISGSTR2BRECONCILED>
      <VCHGSTSTATUSISGSTR2BONLYINPORTAL>No</VCHGSTSTATUSISGSTR2BONLYINPORTAL>
      <VCHGSTSTATUSISGSTR2BONLYINBOOKS>No</VCHGSTSTATUSISGSTR2BONLYINBOOKS>
      <VCHGSTSTATUSISGSTR2BMISMATCH>No</VCHGSTSTATUSISGSTR2BMISMATCH>
      <VCHGSTSTATUSISGSTR2BINDIFFPERIOD>No</VCHGSTSTATUSISGSTR2BINDIFFPERIOD>
      <VCHGSTSTATUSISRETEFFDATEOVERRDN>No</VCHGSTSTATUSISRETEFFDATEOVERRDN>
      <VCHGSTSTATUSISOVERRDN>No</VCHGSTSTATUSISOVERRDN>
      <VCHGSTSTATUSISSTATINDIFFDATE>No</VCHGSTSTATUSISSTATINDIFFDATE>
      <VCHGSTSTATUSISRETINDIFFDATE>No</VCHGSTSTATUSISRETINDIFFDATE>
      <VCHGSTSTATUSMAINSECTIONEXCLUDED>No</VCHGSTSTATUSMAINSECTIONEXCLUDED>
      <VCHGSTSTATUSISBRANCHTRANSFEROUT>No</VCHGSTSTATUSISBRANCHTRANSFEROUT>
      <VCHGSTSTATUSISSYSTEMSUMMARY>No</VCHGSTSTATUSISSYSTEMSUMMARY>
      <VCHSTATUSISUNREGISTEREDRCM>No</VCHSTATUSISUNREGISTEREDRCM>
      <VCHSTATUSISOPTIONAL>No</VCHSTATUSISOPTIONAL>
      <VCHSTATUSISCANCELLED>No</VCHSTATUSISCANCELLED>
      <VCHSTATUSISDELETED>No</VCHSTATUSISDELETED>
      <VCHSTATUSISOPENINGBALANCE>No</VCHSTATUSISOPENINGBALANCE>
      <VCHSTATUSISFETCHEDONLY>No</VCHSTATUSISFETCHEDONLY>
      <VCHGSTSTATUSISOPTIONALUNCERTAIN>No</VCHGSTSTATUSISOPTIONALUNCERTAIN>
      <VCHSTATUSISREACCEPTFORHSNDONE>No</VCHSTATUSISREACCEPTFORHSNDONE>
      <VCHSTATUSISREACCEPHSNSIXONEDONE>Yes</VCHSTATUSISREACCEPHSNSIXONEDONE>
      <PAYMENTLINKHASMULTIREF>No</PAYMENTLINKHASMULTIREF>
      <ISSHIPPINGWITHINSTATE>No</ISSHIPPINGWITHINSTATE>
      <ISOVERSEASTOURISTTRANS>No</ISOVERSEASTOURISTTRANS>
      <ISDESIGNATEDZONEPARTY>No</ISDESIGNATEDZONEPARTY>
      <HASCASHFLOW>No</HASCASHFLOW>
      <ISPOSTDATED>No</ISPOSTDATED>
      <USETRACKINGNUMBER>No</USETRACKINGNUMBER>
      <ISINVOICE>Yes</ISINVOICE>
      <MFGJOURNAL>No</MFGJOURNAL>
      <HASDISCOUNTS>No</HASDISCOUNTS>
      <ASPAYSLIP>No</ASPAYSLIP>
      <ISCOSTCENTRE>No</ISCOSTCENTRE>
      <ISSTXNONREALIZEDVCH>No</ISSTXNONREALIZEDVCH>
      <ISEXCISEMANUFACTURERON>No</ISEXCISEMANUFACTURERON>
      <ISBLANKCHEQUE>No</ISBLANKCHEQUE>
      <ISVOID>No</ISVOID>
      <ORDERLINESTATUS>No</ORDERLINESTATUS>
      <VATISAGNSTCANCSALES>No</VATISAGNSTCANCSALES>
      <VATISPURCEXEMPTED>No</VATISPURCEXEMPTED>
      <ISVATRESTAXINVOICE>No</ISVATRESTAXINVOICE>
      <VATISASSESABLECALCVCH>No</VATISASSESABLECALCVCH>
      <ISVATDUTYPAID>Yes</ISVATDUTYPAID>
      <ISDELIVERYSAMEASCONSIGNEE>No</ISDELIVERYSAMEASCONSIGNEE>
      <ISDISPATCHSAMEASCONSIGNOR>No</ISDISPATCHSAMEASCONSIGNOR>
      <ISDELETEDVCHRETAINED>No</ISDELETEDVCHRETAINED>
      <VCHONLYADDLINFOUPDATED>No</VCHONLYADDLINFOUPDATED>
      <CHANGEVCHMODE>No</CHANGEVCHMODE>
      <RESETIRNQRCODE>No</RESETIRNQRCODE>
      <ERRKEY>0</ERRKEY>
      <ALTERID> 2</ALTERID>
      <MASTERID> 2</MASTERID>
      <QRCODECRC>0</QRCODECRC>
      <EXCHANGEACTIVITYID>0</EXCHANGEACTIVITYID>
      <VOUCHERKEY>196481868890128</VOUCHERKEY>
      <VOUCHERRETAINKEY>5</VOUCHERRETAINKEY>
      <ECFEERATE>0</ECFEERATE>
      <VATCONSIGNMENTNO>0</VATCONSIGNMENTNO>
      <VATRATEOFTAX>0</VATRATEOFTAX>
      <EIDISCOUNTRATE>0</EIDISCOUNTRATE>
      <WBTRANSFERASSESSRATE>0</WBTRANSFERASSESSRATE>
      <VATWCDEDUCTIONPERC>0</VATWCDEDUCTIONPERC>
      <ISGSTOVRDNCRC>0</ISGSTOVRDNCRC>
      <IGNGSTFMTCRC>0</IGNGSTFMTCRC>
      <IGNEINVVALIDCRC>0</IGNEINVVALIDCRC>
      <IGNEXTNVALIDCRC>0</IGNEXTNVALIDCRC>
      <IGNPARTBVALIDCRC>0</IGNPARTBVALIDCRC>
      <IGNTRANSIDVALIDCRC>0</IGNTRANSIDVALIDCRC>
      <IGNGENERATIONVALIDCRC>0</IGNGENERATIONVALIDCRC>
      <IGNGSTVALIDCRC>0</IGNGSTVALIDCRC>
      <IGNGSTOPTUNCERTCRC>0</IGNGSTOPTUNCERTCRC>
      <RATEOFINVOICETAX>0</RATEOFINVOICETAX>
      <VCHSTATUSDUMMYLONG>0</VCHSTATUSDUMMYLONG>
      <VATTDSRATE>0</VATTDSRATE>
      <REUSEHOLEID>0</REUSEHOLEID>
      <BONDAMOUNT/>
      <POSCASHRECEIVED/>
      <CUSTOMDUTYPAID/>
      <VATPARTYITCCLAIMED/>
      <VATPARTYTAXLIABILITY/>
      <VALUEOFWORKSCONTRACT/>
      <ECFEEAMOUNT/>
      <ECFEEDEPOSITBYAWARDER/>
      <ECFEEDEPOSITBYCONTRACTOR/>
      <TDSDEDUCTED/>
      <VALUEOFSUBWORKSCONT/>
      <VATTDSAMT/>
      <VATPURCHASEVALUE/>
      <MAHWCASSESSABLEVALUE/>
      <WBTRANSFERBASEVALUE/>
      <VATWCDEDUCTIONAMT/>
      <VATWCOTHERDEDUCTAMT/>
      <CESSASSVALONCLASS/>
      <ADDNLVATCLASSAMT/>
      <ADJPARTYINVOICEVALUE/>
      <GSTINVASSESSABLEVALUE/>
      <EIDISCOUNTAMT/>
      <PAYMENTLINKAMOUNT/>
      <VATGOODSVALUE/>
      <EXCHGRATE/>
      <PROCESSINGDURATION/>
      <VOUCHERNUMBERSERIES>Default</VOUCHERNUMBERSERIES>
      <UPDATEDDATETIME>000000000</UPDATEDDATETIME>
      <IRNACKUPDATEDATETIME>000000000</IRNACKUPDATEDATETIME>
      <TEMPFROMDATE/>
      <TEMPGSTEWAYCONSIGNORADDRESSTYPE/>
      <TEMPGSTEWAYCONSIGNEEADDRESSTYPE/>
      <POSGIFTLEDGERAMOUNT/>
      <POSCARDLEDGERAMOUNT/>
      <POSCHEQUELEDGERAMOUNT/>
      <POSCASHLEDGERAMOUNT/>
      <TEMPCCCLASS/>
      <EIDEFAULTLED_ISZRBASICSERVICE/>
      <PREVBOMNAME/>
      <CURBOMNAME/>
      <COMMONNATUREOFPAYMENT/>
      <COMMONISBASEDONREALIZATION/>
      <COMMONISTDSDEDUCTED/>
      <TEMPISVCHSUPPLFILLED/>
      <CURRPARTYLEDGERNAME/>
      <CURRBASICBUYERNAME/>
      <CURRPARTYNAME/>
      <CURRBUYERADDRESSTYPE/>
      <CURRPARTYADDRESSTYPE/>
      <CURRSTATENAME/>
      <CURRBASICPURCHASEORDERNO/>
      <CURRBASICSHIPDELIVERYNOTE/>
      <POSSTAXPARTYLEDGERNAME/>
      <ISCSTAGTFORMC/>
      <EIDEFAULTLED_ISUSERDEFINED/>
      <EIDEFAULTLED_CLASSNAME/>
      <EIDEFAULTLED_CLASSRATE>0</EIDEFAULTLED_CLASSRATE>
      <EIDEFAULTLED_CLASSADDLRATE>0</EIDEFAULTLED_CLASSADDLRATE>
      <TEMPVATCLASSIFICATION/>
      <ISATTDDATAPRESERVED/>
      <TEMPGSTEWAYBILLNUMBER/>
      <TEMPGSTEWAYBILLDATE/>
      <TEMPGSTEWAYSUBTYPE/>
      <TEMPGSTEWAYDOCUMENTTYPE/>
      <TEMPGSTEWAYSTATUS/>
      <TEMPGSTEWAYISCANCELLED/>
      <TEMPGSTEWAYCONSIGNOR/>
      <TEMPGSTEWAYCONSIGNORADDRESS/>
      <TEMPGSTEWAYFROMPLACE/>
      <TEMPCONSIGNORPINCODENUMBER>0</TEMPCONSIGNORPINCODENUMBER>
      <TEMPGSTEWAYPINCODENUMBER>0</TEMPGSTEWAYPINCODENUMBER>
      <TEMPGSTEWAYPINCODE/>
      <TEMPGSTEWAYCONSIGNORTIN/>
      <TEMPGSTEWAYCONSIGNORSTATE/>
      <TEMPGSTEWAYCONSSHIPFROMSTATE/>
      <TEMPGSTEWAYCONSIGNEE/>
      <TEMPGSTEWAYCONSADDRESS/>
      <TEMPGSTEWAYCONSFROMPLACE/>
      <TEMPGSTEWAYCONSPINCODENUMBER>0</TEMPGSTEWAYCONSPINCODENUMBER>
      <TEMPCONSIGNEEPINCODENUMBER>0</TEMPCONSIGNEEPINCODENUMBER>
      <TEMPGSTEWAYCONSPINCODE/>
      <TEMPGSTEWAYCONSTIN/>
      <TEMPGSTEWAYCONSSTATE/>
      <TEMPGSTEWAYCONSSHIPTOSTATE/>
      <TEMPGSTEWAYTRANSPORTMODE/>
      <TEMPGSTEWAYDISTANCE>0</TEMPGSTEWAYDISTANCE>
      <TEMPGSTEWAYTRANSPORTERNAME/>
      <TEMPGSTEWAYVEHICLENUMBER/>
      <TEMPGSTEWAYTRANSPORTERID/>
      <TEMPGSTEWAYTRANSPORTERDOCNO/>
      <TEMPGSTEWAYTRANSPORTERDOCDATE/>
      <TEMPGSTEWAYVEHICLETYPE/>
      <TEMPGSTEWAYCONSBILLNUMBER/>
      <TEMPGSTEWAYCONSBILLDATE/>
      <TEMPISUSERDEFINEDCLASS/>
      <TEMPCLASSNATURE/>
      <TEMPGSTOVRDNINELIGIBLEITC/>
      <TEMPGSTOVRDNISREVCHARGEAPPL/>
      <TEMPGSTOVRDNTAXABILITY/>
      <TEMPGSTOVRDNISREVCHARGEAPPLSTR/>
      <TEMPGSTOVRDNINELIGIBLEITCSTR/>
      <TEMPGSTVCHDESTINATIONSTATE/>
      <TEMPGSTPARTYLEDLOCTYPE/>
      <TEMPGSTPARTYDEALERTYPE/>
      <TEMPGSTRISCOMMONPARTY/>
      <TEMPGSTRCOUNTRY/>
      <TEMPGSTRSTATE/>
      <TEMPGSTRTIN/>
      <TEMPGSTRDEALERTYPE/>
      <CURRGSTCOUNTRY/>
      <TEMPGSTSTATUS/>
      <IGNOREGSTRATECOPYDETAILS/>
      <IGNOREGSTHSNCOPYDETAILS/>
      <GSTBUYERNAME/>
      <GSTBUYERMAILINGNAME/>
      <GSTBUYERSTATE/>
      <GSTBUYERPINCODE/>
      <GSTBUYERGSTINREGTYPE/>
      <GSTBUYERGSTIN/>
      <GSTCONSIGNEENAME/>
      <GSTCONSIGNEEMAILINGNAME/>
      <GSTCONSIGNEESTATE/>
      <GSTCONSIGNEEPINCODE/>
      <GSTCONSIGNEEGSTIN/>
      <EWAYBILLDETAILS.LIST>      </EWAYBILLDETAILS.LIST>
      <EXCLUDEDTAXATIONS.LIST>      </EXCLUDEDTAXATIONS.LIST>
      <OLDAUDITENTRIES.LIST>      </OLDAUDITENTRIES.LIST>
      <ACCOUNTAUDITENTRIES.LIST>      </ACCOUNTAUDITENTRIES.LIST>
      <AUDITENTRIES.LIST>      </AUDITENTRIES.LIST>
      <DUTYHEADDETAILS.LIST>      </DUTYHEADDETAILS.LIST>
      <GSTADVADJDETAILS.LIST>      </GSTADVADJDETAILS.LIST>
      <ALLINVENTORYENTRIES.LIST>
       <ORIGINVOICEDATE/>
       <ORIGSALESINVDATE/>
       <DESCRIPTION/>
       <STOCKITEMNAME>Steel Rod 10mm</STOCKITEMNAME>
       <STATNATURENAME/>
       <EXCISECLASSIFICATIONNAME/>
       <ISZRBASICSERVICE/>
       <STRDGSTDERIVEDLOCATIONTYPE/>
       <STRDGSTDERIVEDTAXABILITY/>
       <STRDGSTDERIVEDNATURETYPE/>
       <STRDGSTDERIVEDSUPPLYTYPE/>
       <GSTOVRDNCLASSIFICATION/>
       <GSTOVRDNNATURE/>
       <GSTOVRDNINELIGIBLEITC/>
       <GSTOVRDNISREVCHARGEAPPL/>
       <GSTOVRDNTAXABILITY/>
       <GSTSOURCETYPE/>
       <GSTITEMSOURCE/>
       <GSTLEDGERSOURCE/>
       <GSTGROUPSOURCE/>
       <GSTSTOCKGROUPSOURCE/>
       <HSNSOURCETYPE/>
       <HSNITEMSOURCE/>
       <HSNLEDGERSOURCE/>
       <HSNGROUPSOURCE/>
       <HSNSTOCKGROUPSOURCE/>
       <GSTOVRDNSTOREDNATURE/>
       <GSTOVRDNTYPEOFSUPPLY/>
       <GSTRATEINFERAPPLICABILITY/>
       <GSTOVRDNNATUREOFGOODS/>
       <GSTHSNNAME/>
       <GSTHSNDESCRIPTION/>
       <GSTHSNINFERAPPLICABILITY/>
       <HSNOVRDNCLASSIFICATION/>
       <STRDGSTFINALNATUREOFENTRY/>
       <GSTDEPGSTCLASSIFICATION/>
       <GSTDEPHSNCLASSIFICATION/>
       <EXCISETARIFF/>
       <EXCISEEXEMPTION/>
       <TRADERCNSALESNUMBER/>
       <BASICPACKAGEMARKS/>
       <BASICNUMPACKAGES/>
       <SDTAXCLASSIFICATIONNAME/>
       <NATUREOFCOMPONENT/>
       <COMPONENTLISTTYPE/>
       <DISPLAYNATUREOFCOMPONENT/>
       <BOMNAME/>
       <ORIGINVOICENUMBER/>
       <ORIGINVOICEBOOKNAME/>
       <ORIGSALESINVNO/>
       <EXCISERETURNINVOICENO/>
       <REASONOFREJECTION/>
       <EXCISECREDITPARTY/>
       <EXCISECREDITSTKITEM/>
       <EXCISECREDITCATEGORY/>
       <TRADERSUPPLIERINVOICENO/>
       <EXCISESALESINVOICENO/>
       <GSTITEMUQC/>
       <GSTITEMUQCUOM/>
       <ADDLAMOUNT/>
       <ISDEEMEDPOSITIVE>No</ISDEEMEDPOSITIVE>
       <ISGSTASSESSABLEVALUEOVERRIDDEN>No</ISGSTASSESSABLEVALUEOVERRIDDEN>
       <STRDISGSTAPPLICABLE>No</STRDISGSTAPPLICABLE>
       <CONTENTNEGISPOS>No</CONTENTNEGISPOS>
       <ISLASTDEEMEDPOSITIVE>No</ISLASTDEEMEDPOSITIVE>
       <ISAUTONEGATE>No</ISAUTONEGATE>
       <ISCUSTOMSCLEARANCE>No</ISCUSTOMSCLEARANCE>
       <ISTRACKCOMPONENT>No</ISTRACKCOMPONENT>
       <ISTRACKPRODUCTION>No</ISTRACKPRODUCTION>
       <ISPRIMARYITEM>No</ISPRIMARYITEM>
       <ISSCRAP>No</ISSCRAP>
       <RATE>350.00/Nos</RATE>
       <DISCOUNT>0</DISCOUNT>
       <VATTAXRATE>0</VATTAXRATE>
       <ORIGINVGOODSQTY>0</ORIGINVGOODSQTY>
       <EXCISEMRPABATEMENT>0</EXCISEMRPABATEMENT>
       <ADDLCOSTPERC>0</ADDLCOSTPERC>
       <REVISEDRATEOFDUTY>0</REVISEDRATEOFDUTY>
       <ORIGRATEOFDUTY>0</ORIGRATEOFDUTY>
       <ORIGMRPABATEMENT>0</ORIGMRPABATEMENT>
       <EXCISERETURNDUTYRATE>0</EXCISERETURNDUTYRATE>
       <GVATEXCISERATE>0</GVATEXCISERATE>
       <AMOUNT>7000.00</AMOUNT>
       <EXCISEASSESSABLEVALUE/>
       <CESSASSVALONCLASS/>
       <EIDISCOUNTAMT/>
       <VATASSESSABLEVALUE/>
       <VATWCDEDUCTAMT/>
       <WCTOTALDEDUCTIONAMT/>
       <ORIGINVGOODSVALUE/>
       <GSTOVRDNASSESSABLEVALUE/>
       <GSTASSBLVALUE/>
       <STRDCOMPUTEDASSESSABLEVALUE/>
       <STRDCOMPUTEDIGST/>
       <STRDCOMPUTEDCGST/>
       <STRDCOMPUTEDSGST/>
       <STRDCOMPUTEDCESS/>
       <STRDCOMPUTEDCESSONQTY/>
       <ORIGINVGOODSTAXVALUE/>
       <VATASSBLVALUE/>
       <VATACCEPTEDTAXAMT/>
       <VATACCEPTEDADDLTAXAMT/>
       <STRDAPPRSTATECESSGST/>
       <STRDAPPROPRIATEDDISCOUNT/>
       <STRDEXCISETAX/>
       <VATINPUTTAXCREDIT/>
       <VATELIGIBLECREDIT/>
       <GVATEXCISEAMT/>
       <ACTUALQTY> 20 Nos</ACTUALQTY>
       <BILLEDQTY> 20 Nos</BILLEDQTY>
       <ORIGACTUALQTY/>
       <ORIGBILLEDQTY/>
       <EXCISERETURNINVOICEQTY/>
       <USABLEQTY/>
       <EXCISECREDITPENDINGQTY/>
       <MRPRATE/>
       <EXCISEMRPRATE/>
       <ORIGRATE/>
       <REVISEDRATE/>
       <ESCALATIONRATE/>
       <ORIGMRPRATE/>
       <ORIGRATEOFQTY/>
       <REVISEDRATEOFQTY/>
       <INCLVATRATE/>
       <TEMPGSTCGSTRATE>0</TEMPGSTCGSTRATE>
       <TEMPGSTSGSTRATE>0</TEMPGSTSGSTRATE>
       <TEMPGSTIGSTRATE>0</TEMPGSTIGSTRATE>
       <TEMPGSTSTATECESSRATE>0</TEMPGSTSTATECESSRATE>
       <TEMPGSTCESSRATE>0</TEMPGSTCESSRATE>
       <TEMPGSTCESSQTYRATE>0</TEMPGSTCESSQTYRATE>
       <INCLUSIVETAXVALUE/>
       <ISINCLTAXRATEFIELDEDITED/>
       <TEMPGSTOVRDNINELIGIBLEITC/>
       <TEMPGSTOVRDNISREVCHARGEAPPL/>
       <TEMPGSTSOURCE/>
       <TEMPHSNSOURCE/>
       <ISACCEPTASIS/>
       <TEMPHSNEFFDATE/>
       <TEMPTAXRATEEFFDATE/>
       <ISSTOCKITEMEXIST/>
       <STOCKITEMACTQTY/>
       <TEMPISEXCISEITEMEXIST/>
       <ISEXCISEOVERRIDEDETAILS/>
       <ISALLOCATEDINACCT/>
       <PREVREVISEDRATEPER/>
       <PREVSTOCKITEMNAME/>
       <EXCISECREDITNOTENUMBER/>
       <ORIGCONSUMEQTY/>
       <TEMPSTKBOMQTY/>
       <TEMPRATE>0</TEMPRATE>
       <TEMPVATTRANSNATURE/>
       <TEMPVATCLSFNRATE>0</TEMPVATCLSFNRATE>
       <TEMPRBVATCLSTAXAMOUNT/>
       <TEMPPREVSTOCKITEMNAME/>
       <BATCHALLOCATIONS.LIST>
        <MFDON/>
        <ORDERYEAREND/>
        <TRACKINGYEAREND/>
        <ORDERPRECLOSUREDATE/>
        <NARRATION/>
        <GODOWNNAME>Main Location</GODOWNNAME>
        <BATCHNAME>Primary Batch</BATCHNAME>
        <DESTINATIONGODOWNNAME/>
        <INDENTNO>&#4; Not Applicable</INDENTNO>
        <ORDERTYPE/>
        <PARENTITEM/>
        <ORDERCLOSUREREASON/>
        <ORDERNO>&#4; Not Applicable</ORDERNO>
        <TRACKINGNUMBER>&#4; Not Applicable</TRACKINGNUMBER>
        <DYNAMICCSTNO/>
        <DYNAMICCSTPARENTITEM/>
        <SUMDYNAMICCSTNO/>
        <SUMBATCHNAME/>
        <SUMTRACKINGNUMBER/>
        <SUMORDERNO/>
        <SUMINDENTNO/>
        <ADDLAMOUNT/>
        <DYNAMICCSTISCLEARED>No</DYNAMICCSTISCLEARED>
        <AMOUNT>7000.00</AMOUNT>
        <ADDLEXPENSEAMOUNT/>
        <BATCHDIFFVAL/>
        <ACTUALQTY> 20 Nos</ACTUALQTY>
        <BILLEDQTY> 20 Nos</BILLEDQTY>
        <ORDERPRECLOSUREQTY/>
        <ORIGACTUALQTY/>
        <ORIGBILLEDQTY/>
        <BATCHPHYSDIFF/>
        <ORIGRATE/>
        <REVISEDRATE/>
        <ESCALATIONRATE/>
        <INCLVATRATE/>
        <EXPIRYPERIOD/>
        <INDENTDUEDATE/>
        <ORDERDUEDATE/>
        <INCLUSIVETAXVALUE/>
        <ISPRECLOSED/>
        <BATCHALLOCBOMNAME/>
        <PREVBATCHALLOCBOMNAME/>
        <BOMALLOCACCEPTED/>
        <BATCHALLOCBOMBASEQTY/>
        <COSTTRACKID>0</COSTTRACKID>
        <ISINCLTAXRATEFIELDEDITED/>
        <ADDITIONALDETAILS.LIST>        </ADDITIONALDETAILS.LIST>
        <VOUCHERCOMPONENTLIST.LIST>        </VOUCHERCOMPONENTLIST.LIST>
       </BATCHALLOCATIONS.LIST>
       <ACCOUNTINGALLOCATIONS.LIST>
        <OLDAUDITENTRYIDS.LIST TYPE="Number">
         <OLDAUDITENTRYIDS>-1</OLDAUDITENTRYIDS>
        </OLDAUDITENTRYIDS.LIST>
        <ORIGPURCHINVDATE/>
        <NARRATION/>
        <ADDLALLOCTYPE/>
        <TAXCLASSIFICATIONNAME/>
        <APPROPRIATEFOR/>
        <GSTDUTYHEAD/>
        <GSTAPPROPRIATETO/>
        <NOTIFICATIONSLNO/>
        <EXCISEALLOCTYPE/>
        <SWIFTCODE/>
        <ROUNDTYPE/>
        <LEDGERNAME>Sales Account</LEDGERNAME>
        <TAXUNITNAME/>
        <STATNATURENAME/>
        <GOODSTYPE/>
        <VATTRADENAME/>
        <METHODTYPE/>
        <CLASSRATE/>
        <STATCLASSIFICATIONNAME/>
        <EXCISECLASSIFICATIONNAME/>
        <ISZRBASICSERVICE/>
        <VATCOMMODITYNAME/>
        <SCHEDULE/>
        <SCHEDULESERIALNUMBER/>
        <VATCOMMODITYCODE/>
        <VATSUBCOMMODITYCODE/>
        <VATMAJORCOMMODITYNAME/>
        <STRDGSTDERIVEDLOCATIONTYPE/>
        <STRDGSTDERIVEDTAXABILITY/>
        <STRDGSTDERIVEDNATURETYPE/>
        <STRDGSTDERIVEDSUPPLYTYPE/>
        <TDSPARTYNAME/>
        <VATPARTYORGNAME/>
        <XBRLADJTYPE/>
        <VOUCHERFBTCATEGORY/>
        <TYPEOFTAXPAYMENT/>
        <VATCALCULATIONTYPE/>
        <VATWORKSCONTRACTTYPE/>
        <VATWCDESCRIPTION/>
        <GSTCLASS>&#4; Not Applicable</GSTCLASS>
        <SCHVIADJTYPE/>
        <GSTOVRDNCLASSIFICATION/>
        <GSTOVRDNNATURE/>
        <GSTOVRDNINELIGIBLEITC/>
        <GSTOVRDNISREVCHARGEAPPL/>
        <GSTOVRDNTAXABILITY/>
        <GSTHSNSACCODE/>
        <GSTSOURCETYPE/>
        <GSTITEMSOURCE/>
        <GSTLEDGERSOURCE/>
        <GSTGROUPSOURCE/>
        <GSTSTOCKGROUPSOURCE/>
        <HSNSOURCETYPE/>
        <HSNITEMSOURCE/>
        <HSNLEDGERSOURCE/>
        <HSNGROUPSOURCE/>
        <HSNSTOCKGROUPSOURCE/>
        <GSTOVRDNSTOREDNATURE/>
        <GSTOVRDNTYPEOFSUPPLY/>
        <GSTRATEINFERAPPLICABILITY/>
        <GSTOVRDNNATUREOFGOODS/>
        <GSTHSNNAME/>
        <GSTHSNDESCRIPTION/>
        <GSTHSNINFERAPPLICABILITY/>
        <HSNOVRDNCLASSIFICATION/>
        <STRDGSTFINALNATUREOFENTRY/>
        <STRDGSTDUTYHEAD/>
        <VATGOODSNATURE/>
        <GSTDEPGSTCLASSIFICATION/>
        <GSTDEPHSNCLASSIFICATION/>
        <POSPAYMENTTYPE/>
        <GSTPARTYLEDGER/>
        <ORIGPURCHPARTY/>
        <ORIGPURCHPARTYADDRESS/>
        <ORIGPURCHINVNO/>
        <ORIGPURCHNOTE/>
        <ISDEEMEDPOSITIVE>No</ISDEEMEDPOSITIVE>
        <LEDGERFROMITEM>No</LEDGERFROMITEM>
        <REMOVEZEROENTRIES>No</REMOVEZEROENTRIES>
        <ISPARTYLEDGER>No</ISPARTYLEDGER>
        <GSTOVERRIDDEN>No</GSTOVERRIDDEN>
        <ISGSTASSESSABLEVALUEOVERRIDDEN>No</ISGSTASSESSABLEVALUEOVERRIDDEN>
        <STRDISGSTAPPLICABLE>No</STRDISGSTAPPLICABLE>
        <STRDGSTISPARTYLEDGER>No</STRDGSTISPARTYLEDGER>
        <STRDGSTISDUTYLEDGER>No</STRDGSTISDUTYLEDGER>
        <CONTENTNEGISPOS>No</CONTENTNEGISPOS>
        <ISLASTDEEMEDPOSITIVE>No</ISLASTDEEMEDPOSITIVE>
        <ISCAPVATTAXALTERED>No</ISCAPVATTAXALTERED>
        <ISCAPVATNOTCLAIMED>No</ISCAPVATNOTCLAIMED>
        <STCRADJPERCENT>0</STCRADJPERCENT>
        <ROUNDLIMIT>0</ROUNDLIMIT>
        <RATEOFADDLVAT>0</RATEOFADDLVAT>
        <RATEOFCESSONVAT>0</RATEOFCESSONVAT>
        <VATTAXRATE>0</VATTAXRATE>
        <VATITEMQTY>0</VATITEMQTY>
        <VATWCDEDUCTRATE>0</VATWCDEDUCTRATE>
        <PREVINVTOTALNUM>0</PREVINVTOTALNUM>
        <VATWCDEDUCTIONRATE>0</VATWCDEDUCTIONRATE>
        <GSTTAXRATE>0</GSTTAXRATE>
        <ORIGINVGOODSQTY>0</ORIGINVGOODSQTY>
        <CAPVATTAXRATE>0</CAPVATTAXRATE>
        <AMOUNT>7000.00</AMOUNT>
        <CESSASSVALONCLASS/>
        <ADDNLVATCLASSAMT/>
        <EIDISCOUNTAMT/>
        <FBTEXEMPTAMOUNT/>
        <VATASSESSABLEVALUE/>
        <VATWCCOSTOFLAND/>
        <VATWCDEDLABOURCHARGES/>
        <VATWCOTHERDEDUCTIONAMT/>
        <VATWCVALUEOFTAXFREEGOODS/>
        <VATWCOTHERCHARGES/>
        <VATWCSUBCONTRACTORAMT/>
        <VATWCDEDUCTAMT/>
        <WCTOTALDEDUCTIONAMT/>
        <PREVAMOUNT/>
        <PREVINVTOTALAMT/>
        <VATWCDEDUCTIONAMOUNT/>
        <ORIGINVGOODSVALUE/>
        <CENVATCAPTINPUTAMT/>
        <GSTASSESSABLEVALUE/>
        <IGSTLIABILITY/>
        <CGSTLIABILITY/>
        <SGSTLIABILITY/>
        <GSTCESSLIABILITY/>
        <GSTOVRDNASSESSABLEVALUE/>
        <GSTASSBLVALUE/>
        <STRDCOMPUTEDASSESSABLEVALUE/>
        <STRDCOMPUTEDIGST/>
        <STRDCOMPUTEDCGST/>
        <STRDCOMPUTEDSGST/>
        <STRDCOMPUTEDCESS/>
        <STRDCOMPUTEDCESSONQTY/>
        <ORIGINVGOODSTAXVALUE/>
        <VATWCESTABLISHMENTCOST/>
        <VATWCCONTRACTORPROFIT/>
        <VATWCPLANNINGDESIGNFEES/>
        <VATWCMACHINERYTOOLSCHARGES/>
        <VATWCCONSUMABLESCOST/>
        <VATEXPAMOUNT/>
        <VATASSBLVALUE/>
        <VATACCEPTEDTAXAMT/>
        <VATACCEPTEDADDLTAXAMT/>
        <CASHRECEIVED/>
        <CAPVATASSEABLEVALUE/>
        <CAPVATTAXVALUE/>
        <ORIGPURCHVALUE/>
        <SUPPLYMARGVAL/>
        <STRDAPPRSTATECESSGST/>
        <STRDAPPROPRIATEDDISCOUNT/>
        <STRDEXCISETAX/>
        <TEMPGSTCGSTRATE>0</TEMPGSTCGSTRATE>
        <TEMPGSTSGSTRATE>0</TEMPGSTSGSTRATE>
        <TEMPGSTIGSTRATE>0</TEMPGSTIGSTRATE>
        <TEMPGSTSTATECESSRATE>0</TEMPGSTSTATECESSRATE>
        <TEMPGSTCESSRATE>0</TEMPGSTCESSRATE>
        <TEMPGSTCESSQTYRATE>0</TEMPGSTCESSQTYRATE>
        <DENOMINATIONCOUNT2000X>0</DENOMINATIONCOUNT2000X>
        <DENOMINATIONCOUNT1000X>0</DENOMINATIONCOUNT1000X>
        <DENOMINATIONCOUNT500X>0</DENOMINATIONCOUNT500X>
        <DENOMINATIONCOUNT200X>0</DENOMINATIONCOUNT200X>
        <DENOMINATIONCOUNT100X>0</DENOMINATIONCOUNT100X>
        <DENOMINATIONCOUNT50X>0</DENOMINATIONCOUNT50X>
        <DENOMINATIONCOUNT20X>0</DENOMINATIONCOUNT20X>
        <DENOMINATIONCOUNT10X>0</DENOMINATIONCOUNT10X>
        <DENOMINATIONCOUNT5X>0</DENOMINATIONCOUNT5X>
        <DENOMINATIONCOUNT2X>0</DENOMINATIONCOUNT2X>
        <DENOMINATIONCOUNT1X>0</DENOMINATIONCOUNT1X>
        <DENOMINATIONAMOUNTOTHERS/>
        <CURRPARTYLEDGERNAME/>
        <TEMPVATCLASSIFICATION/>
        <TEMPGSTOVRDNINELIGIBLEITC/>
        <TEMPGSTOVRDNISREVCHARGEAPPL/>
        <TEMPGSTSOURCE/>
        <TEMPHSNSOURCE/>
        <TEMPTDSSECTIONNO/>
        <TEMPTDSNOP/>
        <TEMPTDSDEDNSTATUS/>
        <TEMPTDSRESSTATUS/>
        <TEMPTAXCHEQUENUMBER/>
        <TEMPTAXCHEQUEDATE/>
        <TEMPTAXBSRCODE/>
        <TEMPTAXCHALLANNUMBER/>
        <TEMPTAXCHALLANDATE/>
        <TEMPTAXBANKNAME/>
        <TEMPTAXBANKBRANCHNAME/>
        <ISACCEPTASIS/>
        <INVOICEROUNDINGDIFFVAL/>
        <VATGCCTAXAMOUNT/>
        <GSTCOMPDUTYAMOUNT/>
        <EXCISETEMPDUTYVAL/>
        <ISVATADJLEDGER/>
        <VATASSESMENTATE>0</VATASSESMENTATE>
        <GSTLEDGERDISCOUNT/>
        <GVATLEDGEREXCISE/>
        <GSTDUTYAMOUNT/>
        <RBVATTAXAMOUNT/>
        <SALESCESSTAXAMOUNT/>
        <TEMPHSNEFFDATE/>
        <TEMPTAXRATEEFFDATE/>
        <TEMPPREVLEDGERNAME/>
        <TEMPPREVINCLLEDNAME/>
        <SERVICETAXDETAILS.LIST>        </SERVICETAXDETAILS.LIST>
        <BANKALLOCATIONS.LIST>        </BANKALLOCATIONS.LIST>
        <BILLALLOCATIONS.LIST>        </BILLALLOCATIONS.LIST>
        <INTERESTCOLLECTION.LIST>        </INTERESTCOLLECTION.LIST>
        <OLDAUDITENTRIES.LIST>        </OLDAUDITENTRIES.LIST>
        <ACCOUNTAUDITENTRIES.LIST>        </ACCOUNTAUDITENTRIES.LIST>
        <AUDITENTRIES.LIST>        </AUDITENTRIES.LIST>
        <INPUTCRALLOCS.LIST>        </INPUTCRALLOCS.LIST>
        <DUTYHEADDETAILS.LIST>        </DUTYHEADDETAILS.LIST>
        <EXCISEDUTYHEADDETAILS.LIST>        </EXCISEDUTYHEADDETAILS.LIST>
        <RATEDETAILS.LIST>        </RATEDETAILS.LIST>
        <SUMMARYALLOCS.LIST>        </SUMMARYALLOCS.LIST>
        <CENVATDUTYALLOCATIONS.LIST>        </CENVATDUTYALLOCATIONS.LIST>
        <STPYMTDETAILS.LIST>        </STPYMTDETAILS.LIST>
        <EXCISEPAYMENTALLOCATIONS.LIST>        </EXCISEPAYMENTALLOCATIONS.LIST>
        <TAXBILLALLOCATIONS.LIST>        </TAXBILLALLOCATIONS.LIST>
        <TAXOBJECTALLOCATIONS.LIST>        </TAXOBJECTALLOCATIONS.LIST>
        <TDSEXPENSEALLOCATIONS.LIST>        </TDSEXPENSEALLOCATIONS.LIST>
        <VATSTATUTORYDETAILS.LIST>        </VATSTATUTORYDETAILS.LIST>
        <COSTTRACKALLOCATIONS.LIST>        </COSTTRACKALLOCATIONS.LIST>
        <REFVOUCHERDETAILS.LIST>        </REFVOUCHERDETAILS.LIST>
        <INVOICEWISEDETAILS.LIST>        </INVOICEWISEDETAILS.LIST>
        <VATITCDETAILS.LIST>        </VATITCDETAILS.LIST>
        <ADVANCETAXDETAILS.LIST>        </ADVANCETAXDETAILS.LIST>
        <TAXTYPEALLOCATIONS.LIST>        </TAXTYPEALLOCATIONS.LIST>
       </ACCOUNTINGALLOCATIONS.LIST>
       <DUTYHEADDETAILS.LIST>       </DUTYHEADDETAILS.LIST>
       <RATEDETAILS.LIST>       </RATEDETAILS.LIST>
       <SUPPLEMENTARYDUTYHEADDETAILS.LIST>       </SUPPLEMENTARYDUTYHEADDETAILS.LIST>
       <TAXOBJECTALLOCATIONS.LIST>       </TAXOBJECTALLOCATIONS.LIST>
       <REFVOUCHERDETAILS.LIST>       </REFVOUCHERDETAILS.LIST>
       <EXCISEALLOCATIONS.LIST>       </EXCISEALLOCATIONS.LIST>
       <EXPENSEALLOCATIONS.LIST>       </EXPENSEALLOCATIONS.LIST>
      </ALLINVENTORYENTRIES.LIST>
      <ALLINVENTORYENTRIES.LIST>
       <ORIGINVOICEDATE/>
       <ORIGSALESINVDATE/>
       <DESCRIPTION/>
       <STOCKITEMNAME>Copper Wire 2m</STOCKITEMNAME>
       <STATNATURENAME/>
       <EXCISECLASSIFICATIONNAME/>
       <ISZRBASICSERVICE/>
       <STRDGSTDERIVEDLOCATIONTYPE/>
       <STRDGSTDERIVEDTAXABILITY/>
       <STRDGSTDERIVEDNATURETYPE/>
       <STRDGSTDERIVEDSUPPLYTYPE/>
       <GSTOVRDNCLASSIFICATION/>
       <GSTOVRDNNATURE/>
       <GSTOVRDNINELIGIBLEITC/>
       <GSTOVRDNISREVCHARGEAPPL/>
       <GSTOVRDNTAXABILITY/>
       <GSTSOURCETYPE/>
       <GSTITEMSOURCE/>
       <GSTLEDGERSOURCE/>
       <GSTGROUPSOURCE/>
       <GSTSTOCKGROUPSOURCE/>
       <HSNSOURCETYPE/>
       <HSNITEMSOURCE/>
       <HSNLEDGERSOURCE/>
       <HSNGROUPSOURCE/>
       <HSNSTOCKGROUPSOURCE/>
       <GSTOVRDNSTOREDNATURE/>
       <GSTOVRDNTYPEOFSUPPLY/>
       <GSTRATEINFERAPPLICABILITY/>
       <GSTOVRDNNATUREOFGOODS/>
       <GSTHSNNAME/>
       <GSTHSNDESCRIPTION/>
       <GSTHSNINFERAPPLICABILITY/>
       <HSNOVRDNCLASSIFICATION/>
       <STRDGSTFINALNATUREOFENTRY/>
       <GSTDEPGSTCLASSIFICATION/>
       <GSTDEPHSNCLASSIFICATION/>
       <EXCISETARIFF/>
       <EXCISEEXEMPTION/>
       <TRADERCNSALESNUMBER/>
       <BASICPACKAGEMARKS/>
       <BASICNUMPACKAGES/>
       <SDTAXCLASSIFICATIONNAME/>
       <NATUREOFCOMPONENT/>
       <COMPONENTLISTTYPE/>
       <DISPLAYNATUREOFCOMPONENT/>
       <BOMNAME/>
       <ORIGINVOICENUMBER/>
       <ORIGINVOICEBOOKNAME/>
       <ORIGSALESINVNO/>
       <EXCISERETURNINVOICENO/>
       <REASONOFREJECTION/>
       <EXCISECREDITPARTY/>
       <EXCISECREDITSTKITEM/>
       <EXCISECREDITCATEGORY/>
       <TRADERSUPPLIERINVOICENO/>
       <EXCISESALESINVOICENO/>
       <GSTITEMUQC/>
       <GSTITEMUQCUOM/>
       <ADDLAMOUNT/>
       <ISDEEMEDPOSITIVE>No</ISDEEMEDPOSITIVE>
       <ISGSTASSESSABLEVALUEOVERRIDDEN>No</ISGSTASSESSABLEVALUEOVERRIDDEN>
       <STRDISGSTAPPLICABLE>No</STRDISGSTAPPLICABLE>
       <CONTENTNEGISPOS>No</CONTENTNEGISPOS>
       <ISLASTDEEMEDPOSITIVE>No</ISLASTDEEMEDPOSITIVE>
       <ISAUTONEGATE>No</ISAUTONEGATE>
       <ISCUSTOMSCLEARANCE>No</ISCUSTOMSCLEARANCE>
       <ISTRACKCOMPONENT>No</ISTRACKCOMPONENT>
       <ISTRACKPRODUCTION>No</ISTRACKPRODUCTION>
       <ISPRIMARYITEM>No</ISPRIMARYITEM>
       <ISSCRAP>No</ISSCRAP>
       <RATE>180.00/Nos</RATE>
       <DISCOUNT>0</DISCOUNT>
       <VATTAXRATE>0</VATTAXRATE>
       <ORIGINVGOODSQTY>0</ORIGINVGOODSQTY>
       <EXCISEMRPABATEMENT>0</EXCISEMRPABATEMENT>
       <ADDLCOSTPERC>0</ADDLCOSTPERC>
       <REVISEDRATEOFDUTY>0</REVISEDRATEOFDUTY>
       <ORIGRATEOFDUTY>0</ORIGRATEOFDUTY>
       <ORIGMRPABATEMENT>0</ORIGMRPABATEMENT>
       <EXCISERETURNDUTYRATE>0</EXCISERETURNDUTYRATE>
       <GVATEXCISERATE>0</GVATEXCISERATE>
       <AMOUNT>2700.00</AMOUNT>
       <EXCISEASSESSABLEVALUE/>
       <CESSASSVALONCLASS/>
       <EIDISCOUNTAMT/>
       <VATASSESSABLEVALUE/>
       <VATWCDEDUCTAMT/>
       <WCTOTALDEDUCTIONAMT/>
       <ORIGINVGOODSVALUE/>
       <GSTOVRDNASSESSABLEVALUE/>
       <GSTASSBLVALUE/>
       <STRDCOMPUTEDASSESSABLEVALUE/>
       <STRDCOMPUTEDIGST/>
       <STRDCOMPUTEDCGST/>
       <STRDCOMPUTEDSGST/>
       <STRDCOMPUTEDCESS/>
       <STRDCOMPUTEDCESSONQTY/>
       <ORIGINVGOODSTAXVALUE/>
       <VATASSBLVALUE/>
       <VATACCEPTEDTAXAMT/>
       <VATACCEPTEDADDLTAXAMT/>
       <STRDAPPRSTATECESSGST/>
       <STRDAPPROPRIATEDDISCOUNT/>
       <STRDEXCISETAX/>
       <VATINPUTTAXCREDIT/>
       <VATELIGIBLECREDIT/>
       <GVATEXCISEAMT/>
       <ACTUALQTY> 15 Nos</ACTUALQTY>
       <BILLEDQTY> 15 Nos</BILLEDQTY>
       <ORIGACTUALQTY/>
       <ORIGBILLEDQTY/>
       <EXCISERETURNINVOICEQTY/>
       <USABLEQTY/>
       <EXCISECREDITPENDINGQTY/>
       <MRPRATE/>
       <EXCISEMRPRATE/>
       <ORIGRATE/>
       <REVISEDRATE/>
       <ESCALATIONRATE/>
       <ORIGMRPRATE/>
       <ORIGRATEOFQTY/>
       <REVISEDRATEOFQTY/>
       <INCLVATRATE/>
       <TEMPGSTCGSTRATE>0</TEMPGSTCGSTRATE>
       <TEMPGSTSGSTRATE>0</TEMPGSTSGSTRATE>
       <TEMPGSTIGSTRATE>0</TEMPGSTIGSTRATE>
       <TEMPGSTSTATECESSRATE>0</TEMPGSTSTATECESSRATE>
       <TEMPGSTCESSRATE>0</TEMPGSTCESSRATE>
       <TEMPGSTCESSQTYRATE>0</TEMPGSTCESSQTYRATE>
       <INCLUSIVETAXVALUE/>
       <ISINCLTAXRATEFIELDEDITED/>
       <TEMPGSTOVRDNINELIGIBLEITC/>
       <TEMPGSTOVRDNISREVCHARGEAPPL/>
       <TEMPGSTSOURCE/>
       <TEMPHSNSOURCE/>
       <ISACCEPTASIS/>
       <TEMPHSNEFFDATE/>
       <TEMPTAXRATEEFFDATE/>
       <ISSTOCKITEMEXIST/>
       <STOCKITEMACTQTY/>
       <TEMPISEXCISEITEMEXIST/>
       <ISEXCISEOVERRIDEDETAILS/>
       <ISALLOCATEDINACCT/>
       <PREVREVISEDRATEPER/>
       <PREVSTOCKITEMNAME/>
       <EXCISECREDITNOTENUMBER/>
       <ORIGCONSUMEQTY/>
       <TEMPSTKBOMQTY/>
       <TEMPRATE>0</TEMPRATE>
       <TEMPVATTRANSNATURE/>
       <TEMPVATCLSFNRATE>0</TEMPVATCLSFNRATE>
       <TEMPRBVATCLSTAXAMOUNT/>
       <TEMPPREVSTOCKITEMNAME/>
       <BATCHALLOCATIONS.LIST>
        <MFDON/>
        <ORDERYEAREND/>
        <TRACKINGYEAREND/>
        <ORDERPRECLOSUREDATE/>
        <NARRATION/>
        <GODOWNNAME>Main Location</GODOWNNAME>
        <BATCHNAME>Primary Batch</BATCHNAME>
        <DESTINATIONGODOWNNAME/>
        <INDENTNO>&#4; Not Applicable</INDENTNO>
        <ORDERTYPE/>
        <PARENTITEM/>
        <ORDERCLOSUREREASON/>
        <ORDERNO>&#4; Not Applicable</ORDERNO>
        <TRACKINGNUMBER>&#4; Not Applicable</TRACKINGNUMBER>
        <DYNAMICCSTNO/>
        <DYNAMICCSTPARENTITEM/>
        <SUMDYNAMICCSTNO/>
        <SUMBATCHNAME/>
        <SUMTRACKINGNUMBER/>
        <SUMORDERNO/>
        <SUMINDENTNO/>
        <ADDLAMOUNT/>
        <DYNAMICCSTISCLEARED>No</DYNAMICCSTISCLEARED>
        <AMOUNT>2700.00</AMOUNT>
        <ADDLEXPENSEAMOUNT/>
        <BATCHDIFFVAL/>
        <ACTUALQTY> 15 Nos</ACTUALQTY>
        <BILLEDQTY> 15 Nos</BILLEDQTY>
        <ORDERPRECLOSUREQTY/>
        <ORIGACTUALQTY/>
        <ORIGBILLEDQTY/>
        <BATCHPHYSDIFF/>
        <ORIGRATE/>
        <REVISEDRATE/>
        <ESCALATIONRATE/>
        <INCLVATRATE/>
        <EXPIRYPERIOD/>
        <INDENTDUEDATE/>
        <ORDERDUEDATE/>
        <INCLUSIVETAXVALUE/>
        <ISPRECLOSED/>
        <BATCHALLOCBOMNAME/>
        <PREVBATCHALLOCBOMNAME/>
        <BOMALLOCACCEPTED/>
        <BATCHALLOCBOMBASEQTY/>
        <COSTTRACKID>0</COSTTRACKID>
        <ISINCLTAXRATEFIELDEDITED/>
        <ADDITIONALDETAILS.LIST>        </ADDITIONALDETAILS.LIST>
        <VOUCHERCOMPONENTLIST.LIST>        </VOUCHERCOMPONENTLIST.LIST>
       </BATCHALLOCATIONS.LIST>
       <ACCOUNTINGALLOCATIONS.LIST>
        <OLDAUDITENTRYIDS.LIST TYPE="Number">
         <OLDAUDITENTRYIDS>-1</OLDAUDITENTRYIDS>
        </OLDAUDITENTRYIDS.LIST>
        <ORIGPURCHINVDATE/>
        <NARRATION/>
        <ADDLALLOCTYPE/>
        <TAXCLASSIFICATIONNAME/>
        <APPROPRIATEFOR/>
        <GSTDUTYHEAD/>
        <GSTAPPROPRIATETO/>
        <NOTIFICATIONSLNO/>
        <EXCISEALLOCTYPE/>
        <SWIFTCODE/>
        <ROUNDTYPE/>
        <LEDGERNAME>Sales Account</LEDGERNAME>
        <TAXUNITNAME/>
        <STATNATURENAME/>
        <GOODSTYPE/>
        <VATTRADENAME/>
        <METHODTYPE/>
        <CLASSRATE/>
        <STATCLASSIFICATIONNAME/>
        <EXCISECLASSIFICATIONNAME/>
        <ISZRBASICSERVICE/>
        <VATCOMMODITYNAME/>
        <SCHEDULE/>
        <SCHEDULESERIALNUMBER/>
        <VATCOMMODITYCODE/>
        <VATSUBCOMMODITYCODE/>
        <VATMAJORCOMMODITYNAME/>
        <STRDGSTDERIVEDLOCATIONTYPE/>
        <STRDGSTDERIVEDTAXABILITY/>
        <STRDGSTDERIVEDNATURETYPE/>
        <STRDGSTDERIVEDSUPPLYTYPE/>
        <TDSPARTYNAME/>
        <VATPARTYORGNAME/>
        <XBRLADJTYPE/>
        <VOUCHERFBTCATEGORY/>
        <TYPEOFTAXPAYMENT/>
        <VATCALCULATIONTYPE/>
        <VATWORKSCONTRACTTYPE/>
        <VATWCDESCRIPTION/>
        <GSTCLASS>&#4; Not Applicable</GSTCLASS>
        <SCHVIADJTYPE/>
        <GSTOVRDNCLASSIFICATION/>
        <GSTOVRDNNATURE/>
        <GSTOVRDNINELIGIBLEITC/>
        <GSTOVRDNISREVCHARGEAPPL/>
        <GSTOVRDNTAXABILITY/>
        <GSTHSNSACCODE/>
        <GSTSOURCETYPE/>
        <GSTITEMSOURCE/>
        <GSTLEDGERSOURCE/>
        <GSTGROUPSOURCE/>
        <GSTSTOCKGROUPSOURCE/>
        <HSNSOURCETYPE/>
        <HSNITEMSOURCE/>
        <HSNLEDGERSOURCE/>
        <HSNGROUPSOURCE/>
        <HSNSTOCKGROUPSOURCE/>
        <GSTOVRDNSTOREDNATURE/>
        <GSTOVRDNTYPEOFSUPPLY/>
        <GSTRATEINFERAPPLICABILITY/>
        <GSTOVRDNNATUREOFGOODS/>
        <GSTHSNNAME/>
        <GSTHSNDESCRIPTION/>
        <GSTHSNINFERAPPLICABILITY/>
        <HSNOVRDNCLASSIFICATION/>
        <STRDGSTFINALNATUREOFENTRY/>
        <STRDGSTDUTYHEAD/>
        <VATGOODSNATURE/>
        <GSTDEPGSTCLASSIFICATION/>
        <GSTDEPHSNCLASSIFICATION/>
        <POSPAYMENTTYPE/>
        <GSTPARTYLEDGER/>
        <ORIGPURCHPARTY/>
        <ORIGPURCHPARTYADDRESS/>
        <ORIGPURCHINVNO/>
        <ORIGPURCHNOTE/>
        <ISDEEMEDPOSITIVE>No</ISDEEMEDPOSITIVE>
        <LEDGERFROMITEM>No</LEDGERFROMITEM>
        <REMOVEZEROENTRIES>No</REMOVEZEROENTRIES>
        <ISPARTYLEDGER>No</ISPARTYLEDGER>
        <GSTOVERRIDDEN>No</GSTOVERRIDDEN>
        <ISGSTASSESSABLEVALUEOVERRIDDEN>No</ISGSTASSESSABLEVALUEOVERRIDDEN>
        <STRDISGSTAPPLICABLE>No</STRDISGSTAPPLICABLE>
        <STRDGSTISPARTYLEDGER>No</STRDGSTISPARTYLEDGER>
        <STRDGSTISDUTYLEDGER>No</STRDGSTISDUTYLEDGER>
        <CONTENTNEGISPOS>No</CONTENTNEGISPOS>
        <ISLASTDEEMEDPOSITIVE>No</ISLASTDEEMEDPOSITIVE>
        <ISCAPVATTAXALTERED>No</ISCAPVATTAXALTERED>
        <ISCAPVATNOTCLAIMED>No</ISCAPVATNOTCLAIMED>
        <STCRADJPERCENT>0</STCRADJPERCENT>
        <ROUNDLIMIT>0</ROUNDLIMIT>
        <RATEOFADDLVAT>0</RATEOFADDLVAT>
        <RATEOFCESSONVAT>0</RATEOFCESSONVAT>
        <VATTAXRATE>0</VATTAXRATE>
        <VATITEMQTY>0</VATITEMQTY>
        <VATWCDEDUCTRATE>0</VATWCDEDUCTRATE>
        <PREVINVTOTALNUM>0</PREVINVTOTALNUM>
        <VATWCDEDUCTIONRATE>0</VATWCDEDUCTIONRATE>
        <GSTTAXRATE>0</GSTTAXRATE>
        <ORIGINVGOODSQTY>0</ORIGINVGOODSQTY>
        <CAPVATTAXRATE>0</CAPVATTAXRATE>
        <AMOUNT>2700.00</AMOUNT>
        <CESSASSVALONCLASS/>
        <ADDNLVATCLASSAMT/>
        <EIDISCOUNTAMT/>
        <FBTEXEMPTAMOUNT/>
        <VATASSESSABLEVALUE/>
        <VATWCCOSTOFLAND/>
        <VATWCDEDLABOURCHARGES/>
        <VATWCOTHERDEDUCTIONAMT/>
        <VATWCVALUEOFTAXFREEGOODS/>
        <VATWCOTHERCHARGES/>
        <VATWCSUBCONTRACTORAMT/>
        <VATWCDEDUCTAMT/>
        <WCTOTALDEDUCTIONAMT/>
        <PREVAMOUNT/>
        <PREVINVTOTALAMT/>
        <VATWCDEDUCTIONAMOUNT/>
        <ORIGINVGOODSVALUE/>
        <CENVATCAPTINPUTAMT/>
        <GSTASSESSABLEVALUE/>
        <IGSTLIABILITY/>
        <CGSTLIABILITY/>
        <SGSTLIABILITY/>
        <GSTCESSLIABILITY/>
        <GSTOVRDNASSESSABLEVALUE/>
        <GSTASSBLVALUE/>
        <STRDCOMPUTEDASSESSABLEVALUE/>
        <STRDCOMPUTEDIGST/>
        <STRDCOMPUTEDCGST/>
        <STRDCOMPUTEDSGST/>
        <STRDCOMPUTEDCESS/>
        <STRDCOMPUTEDCESSONQTY/>
        <ORIGINVGOODSTAXVALUE/>
        <VATWCESTABLISHMENTCOST/>
        <VATWCCONTRACTORPROFIT/>
        <VATWCPLANNINGDESIGNFEES/>
        <VATWCMACHINERYTOOLSCHARGES/>
        <VATWCCONSUMABLESCOST/>
        <VATEXPAMOUNT/>
        <VATASSBLVALUE/>
        <VATACCEPTEDTAXAMT/>
        <VATACCEPTEDADDLTAXAMT/>
        <CASHRECEIVED/>
        <CAPVATASSEABLEVALUE/>
        <CAPVATTAXVALUE/>
        <ORIGPURCHVALUE/>
        <SUPPLYMARGVAL/>
        <STRDAPPRSTATECESSGST/>
        <STRDAPPROPRIATEDDISCOUNT/>
        <STRDEXCISETAX/>
        <TEMPGSTCGSTRATE>0</TEMPGSTCGSTRATE>
        <TEMPGSTSGSTRATE>0</TEMPGSTSGSTRATE>
        <TEMPGSTIGSTRATE>0</TEMPGSTIGSTRATE>
        <TEMPGSTSTATECESSRATE>0</TEMPGSTSTATECESSRATE>
        <TEMPGSTCESSRATE>0</TEMPGSTCESSRATE>
        <TEMPGSTCESSQTYRATE>0</TEMPGSTCESSQTYRATE>
        <DENOMINATIONCOUNT2000X>0</DENOMINATIONCOUNT2000X>
        <DENOMINATIONCOUNT1000X>0</DENOMINATIONCOUNT1000X>
        <DENOMINATIONCOUNT500X>0</DENOMINATIONCOUNT500X>
        <DENOMINATIONCOUNT200X>0</DENOMINATIONCOUNT200X>
        <DENOMINATIONCOUNT100X>0</DENOMINATIONCOUNT100X>
        <DENOMINATIONCOUNT50X>0</DENOMINATIONCOUNT50X>
        <DENOMINATIONCOUNT20X>0</DENOMINATIONCOUNT20X>
        <DENOMINATIONCOUNT10X>0</DENOMINATIONCOUNT10X>
        <DENOMINATIONCOUNT5X>0</DENOMINATIONCOUNT5X>
        <DENOMINATIONCOUNT2X>0</DENOMINATIONCOUNT2X>
        <DENOMINATIONCOUNT1X>0</DENOMINATIONCOUNT1X>
        <DENOMINATIONAMOUNTOTHERS/>
        <CURRPARTYLEDGERNAME/>
        <TEMPVATCLASSIFICATION/>
        <TEMPGSTOVRDNINELIGIBLEITC/>
        <TEMPGSTOVRDNISREVCHARGEAPPL/>
        <TEMPGSTSOURCE/>
        <TEMPHSNSOURCE/>
        <TEMPTDSSECTIONNO/>
        <TEMPTDSNOP/>
        <TEMPTDSDEDNSTATUS/>
        <TEMPTDSRESSTATUS/>
        <TEMPTAXCHEQUENUMBER/>
        <TEMPTAXCHEQUEDATE/>
        <TEMPTAXBSRCODE/>
        <TEMPTAXCHALLANNUMBER/>
        <TEMPTAXCHALLANDATE/>
        <TEMPTAXBANKNAME/>
        <TEMPTAXBANKBRANCHNAME/>
        <ISACCEPTASIS/>
        <INVOICEROUNDINGDIFFVAL/>
        <VATGCCTAXAMOUNT/>
        <GSTCOMPDUTYAMOUNT/>
        <EXCISETEMPDUTYVAL/>
        <ISVATADJLEDGER/>
        <VATASSESMENTATE>0</VATASSESMENTATE>
        <GSTLEDGERDISCOUNT/>
        <GVATLEDGEREXCISE/>
        <GSTDUTYAMOUNT/>
        <RBVATTAXAMOUNT/>
        <SALESCESSTAXAMOUNT/>
        <TEMPHSNEFFDATE/>
        <TEMPTAXRATEEFFDATE/>
        <TEMPPREVLEDGERNAME/>
        <TEMPPREVINCLLEDNAME/>
        <SERVICETAXDETAILS.LIST>        </SERVICETAXDETAILS.LIST>
        <BANKALLOCATIONS.LIST>        </BANKALLOCATIONS.LIST>
        <BILLALLOCATIONS.LIST>        </BILLALLOCATIONS.LIST>
        <INTERESTCOLLECTION.LIST>        </INTERESTCOLLECTION.LIST>
        <OLDAUDITENTRIES.LIST>        </OLDAUDITENTRIES.LIST>
        <ACCOUNTAUDITENTRIES.LIST>        </ACCOUNTAUDITENTRIES.LIST>
        <AUDITENTRIES.LIST>        </AUDITENTRIES.LIST>
        <INPUTCRALLOCS.LIST>        </INPUTCRALLOCS.LIST>
        <DUTYHEADDETAILS.LIST>        </DUTYHEADDETAILS.LIST>
        <EXCISEDUTYHEADDETAILS.LIST>        </EXCISEDUTYHEADDETAILS.LIST>
        <RATEDETAILS.LIST>        </RATEDETAILS.LIST>
        <SUMMARYALLOCS.LIST>        </SUMMARYALLOCS.LIST>
        <CENVATDUTYALLOCATIONS.LIST>        </CENVATDUTYALLOCATIONS.LIST>
        <STPYMTDETAILS.LIST>        </STPYMTDETAILS.LIST>
        <EXCISEPAYMENTALLOCATIONS.LIST>        </EXCISEPAYMENTALLOCATIONS.LIST>
        <TAXBILLALLOCATIONS.LIST>        </TAXBILLALLOCATIONS.LIST>
        <TAXOBJECTALLOCATIONS.LIST>        </TAXOBJECTALLOCATIONS.LIST>
        <TDSEXPENSEALLOCATIONS.LIST>        </TDSEXPENSEALLOCATIONS.LIST>
        <VATSTATUTORYDETAILS.LIST>        </VATSTATUTORYDETAILS.LIST>
        <COSTTRACKALLOCATIONS.LIST>        </COSTTRACKALLOCATIONS.LIST>
        <REFVOUCHERDETAILS.LIST>        </REFVOUCHERDETAILS.LIST>
        <INVOICEWISEDETAILS.LIST>        </INVOICEWISEDETAILS.LIST>
        <VATITCDETAILS.LIST>        </VATITCDETAILS.LIST>
        <ADVANCETAXDETAILS.LIST>        </ADVANCETAXDETAILS.LIST>
        <TAXTYPEALLOCATIONS.LIST>        </TAXTYPEALLOCATIONS.LIST>
       </ACCOUNTINGALLOCATIONS.LIST>
       <DUTYHEADDETAILS.LIST>       </DUTYHEADDETAILS.LIST>
       <RATEDETAILS.LIST>       </RATEDETAILS.LIST>
       <SUPPLEMENTARYDUTYHEADDETAILS.LIST>       </SUPPLEMENTARYDUTYHEADDETAILS.LIST>
       <TAXOBJECTALLOCATIONS.LIST>       </TAXOBJECTALLOCATIONS.LIST>
       <REFVOUCHERDETAILS.LIST>       </REFVOUCHERDETAILS.LIST>
       <EXCISEALLOCATIONS.LIST>       </EXCISEALLOCATIONS.LIST>
       <EXPENSEALLOCATIONS.LIST>       </EXPENSEALLOCATIONS.LIST>
      </ALLINVENTORYENTRIES.LIST>
      <CONTRITRANS.LIST>      </CONTRITRANS.LIST>
      <EWAYBILLERRORLIST.LIST>      </EWAYBILLERRORLIST.LIST>
      <IRNERRORLIST.LIST>      </IRNERRORLIST.LIST>
      <HARYANAVAT.LIST>      </HARYANAVAT.LIST>
      <SUPPLEMENTARYDUTYHEADDETAILS.LIST>      </SUPPLEMENTARYDUTYHEADDETAILS.LIST>
      <INVOICEDELNOTES.LIST>      </INVOICEDELNOTES.LIST>
      <INVOICEORDERLIST.LIST>      </INVOICEORDERLIST.LIST>
      <INVOICEINDENTLIST.LIST>      </INVOICEINDENTLIST.LIST>
      <ATTENDANCEENTRIES.LIST>      </ATTENDANCEENTRIES.LIST>
      <ORIGINVOICEDETAILS.LIST>      </ORIGINVOICEDETAILS.LIST>
      <INVOICEEXPORTLIST.LIST>      </INVOICEEXPORTLIST.LIST>
      <LEDGERENTRIES.LIST>
       <OLDAUDITENTRYIDS.LIST TYPE="Number">
        <OLDAUDITENTRYIDS>-1</OLDAUDITENTRYIDS>
       </OLDAUDITENTRYIDS.LIST>
       <ORIGPURCHINVDATE/>
       <NARRATION/>
       <ADDLALLOCTYPE/>
       <TAXCLASSIFICATIONNAME/>
       <APPROPRIATEFOR/>
       <GSTDUTYHEAD/>
       <GSTAPPROPRIATETO/>
       <NOTIFICATIONSLNO/>
       <EXCISEALLOCTYPE/>
       <SWIFTCODE/>
       <ROUNDTYPE/>
       <LEDGERNAME>Suresh Enterprise</LEDGERNAME>
       <TAXUNITNAME/>
       <STATNATURENAME/>
       <GOODSTYPE/>
       <VATTRADENAME/>
       <METHODTYPE/>
       <CLASSRATE/>
       <STATCLASSIFICATIONNAME/>
       <EXCISECLASSIFICATIONNAME/>
       <ISZRBASICSERVICE/>
       <VATCOMMODITYNAME/>
       <SCHEDULE/>
       <SCHEDULESERIALNUMBER/>
       <VATCOMMODITYCODE/>
       <VATSUBCOMMODITYCODE/>
       <VATMAJORCOMMODITYNAME/>
       <STRDGSTDERIVEDLOCATIONTYPE/>
       <STRDGSTDERIVEDTAXABILITY/>
       <STRDGSTDERIVEDNATURETYPE/>
       <STRDGSTDERIVEDSUPPLYTYPE/>
       <TDSPARTYNAME/>
       <VATPARTYORGNAME/>
       <XBRLADJTYPE/>
       <VOUCHERFBTCATEGORY/>
       <TYPEOFTAXPAYMENT/>
       <VATCALCULATIONTYPE/>
       <VATWORKSCONTRACTTYPE/>
       <VATWCDESCRIPTION/>
       <GSTCLASS>&#4; Not Applicable</GSTCLASS>
       <SCHVIADJTYPE/>
       <GSTOVRDNCLASSIFICATION/>
       <GSTOVRDNNATURE/>
       <GSTOVRDNINELIGIBLEITC/>
       <GSTOVRDNISREVCHARGEAPPL/>
       <GSTOVRDNTAXABILITY/>
       <GSTHSNSACCODE/>
       <GSTSOURCETYPE/>
       <GSTITEMSOURCE/>
       <GSTLEDGERSOURCE/>
       <GSTGROUPSOURCE/>
       <GSTSTOCKGROUPSOURCE/>
       <HSNSOURCETYPE/>
       <HSNITEMSOURCE/>
       <HSNLEDGERSOURCE/>
       <HSNGROUPSOURCE/>
       <HSNSTOCKGROUPSOURCE/>
       <GSTOVRDNSTOREDNATURE/>
       <GSTOVRDNTYPEOFSUPPLY/>
       <GSTRATEINFERAPPLICABILITY/>
       <GSTOVRDNNATUREOFGOODS/>
       <GSTHSNNAME/>
       <GSTHSNDESCRIPTION/>
       <GSTHSNINFERAPPLICABILITY/>
       <HSNOVRDNCLASSIFICATION/>
       <STRDGSTFINALNATUREOFENTRY/>
       <STRDGSTDUTYHEAD/>
       <VATGOODSNATURE/>
       <GSTDEPGSTCLASSIFICATION/>
       <GSTDEPHSNCLASSIFICATION/>
       <POSPAYMENTTYPE/>
       <GSTPARTYLEDGER/>
       <ORIGPURCHPARTY/>
       <ORIGPURCHPARTYADDRESS/>
       <ORIGPURCHINVNO/>
       <ORIGPURCHNOTE/>
       <ISDEEMEDPOSITIVE>Yes</ISDEEMEDPOSITIVE>
       <LEDGERFROMITEM>No</LEDGERFROMITEM>
       <REMOVEZEROENTRIES>No</REMOVEZEROENTRIES>
       <ISPARTYLEDGER>Yes</ISPARTYLEDGER>
       <GSTOVERRIDDEN>No</GSTOVERRIDDEN>
       <ISGSTASSESSABLEVALUEOVERRIDDEN>No</ISGSTASSESSABLEVALUEOVERRIDDEN>
       <STRDISGSTAPPLICABLE>No</STRDISGSTAPPLICABLE>
       <STRDGSTISPARTYLEDGER>No</STRDGSTISPARTYLEDGER>
       <STRDGSTISDUTYLEDGER>No</STRDGSTISDUTYLEDGER>
       <CONTENTNEGISPOS>No</CONTENTNEGISPOS>
       <ISLASTDEEMEDPOSITIVE>Yes</ISLASTDEEMEDPOSITIVE>
       <ISCAPVATTAXALTERED>No</ISCAPVATTAXALTERED>
       <ISCAPVATNOTCLAIMED>No</ISCAPVATNOTCLAIMED>
       <STCRADJPERCENT>0</STCRADJPERCENT>
       <ROUNDLIMIT>0</ROUNDLIMIT>
       <RATEOFADDLVAT>0</RATEOFADDLVAT>
       <RATEOFCESSONVAT>0</RATEOFCESSONVAT>
       <VATTAXRATE>0</VATTAXRATE>
       <VATITEMQTY>0</VATITEMQTY>
       <VATWCDEDUCTRATE>0</VATWCDEDUCTRATE>
       <PREVINVTOTALNUM>0</PREVINVTOTALNUM>
       <VATWCDEDUCTIONRATE>0</VATWCDEDUCTIONRATE>
       <GSTTAXRATE>0</GSTTAXRATE>
       <ORIGINVGOODSQTY>0</ORIGINVGOODSQTY>
       <CAPVATTAXRATE>0</CAPVATTAXRATE>
       <AMOUNT>-9700.00</AMOUNT>
       <CESSASSVALONCLASS/>
       <ADDNLVATCLASSAMT/>
       <EIDISCOUNTAMT/>
       <FBTEXEMPTAMOUNT/>
       <VATASSESSABLEVALUE/>
       <VATWCCOSTOFLAND/>
       <VATWCDEDLABOURCHARGES/>
       <VATWCOTHERDEDUCTIONAMT/>
       <VATWCVALUEOFTAXFREEGOODS/>
       <VATWCOTHERCHARGES/>
       <VATWCSUBCONTRACTORAMT/>
       <VATWCDEDUCTAMT/>
       <WCTOTALDEDUCTIONAMT/>
       <PREVAMOUNT/>
       <PREVINVTOTALAMT/>
       <VATWCDEDUCTIONAMOUNT/>
       <ORIGINVGOODSVALUE/>
       <CENVATCAPTINPUTAMT/>
       <GSTASSESSABLEVALUE/>
       <IGSTLIABILITY/>
       <CGSTLIABILITY/>
       <SGSTLIABILITY/>
       <GSTCESSLIABILITY/>
       <GSTOVRDNASSESSABLEVALUE/>
       <GSTASSBLVALUE/>
       <STRDCOMPUTEDASSESSABLEVALUE/>
       <STRDCOMPUTEDIGST/>
       <STRDCOMPUTEDCGST/>
       <STRDCOMPUTEDSGST/>
       <STRDCOMPUTEDCESS/>
       <STRDCOMPUTEDCESSONQTY/>
       <ORIGINVGOODSTAXVALUE/>
       <VATWCESTABLISHMENTCOST/>
       <VATWCCONTRACTORPROFIT/>
       <VATWCPLANNINGDESIGNFEES/>
       <VATWCMACHINERYTOOLSCHARGES/>
       <VATWCCONSUMABLESCOST/>
       <VATEXPAMOUNT/>
       <VATASSBLVALUE/>
       <VATACCEPTEDTAXAMT/>
       <VATACCEPTEDADDLTAXAMT/>
       <CASHRECEIVED/>
       <CAPVATASSEABLEVALUE/>
       <CAPVATTAXVALUE/>
       <ORIGPURCHVALUE/>
       <SUPPLYMARGVAL/>
       <STRDAPPRSTATECESSGST/>
       <STRDAPPROPRIATEDDISCOUNT/>
       <STRDEXCISETAX/>
       <TEMPGSTCGSTRATE>0</TEMPGSTCGSTRATE>
       <TEMPGSTSGSTRATE>0</TEMPGSTSGSTRATE>
       <TEMPGSTIGSTRATE>0</TEMPGSTIGSTRATE>
       <TEMPGSTSTATECESSRATE>0</TEMPGSTSTATECESSRATE>
       <TEMPGSTCESSRATE>0</TEMPGSTCESSRATE>
       <TEMPGSTCESSQTYRATE>0</TEMPGSTCESSQTYRATE>
       <DENOMINATIONCOUNT2000X>0</DENOMINATIONCOUNT2000X>
       <DENOMINATIONCOUNT1000X>0</DENOMINATIONCOUNT1000X>
       <DENOMINATIONCOUNT500X>0</DENOMINATIONCOUNT500X>
       <DENOMINATIONCOUNT200X>0</DENOMINATIONCOUNT200X>
       <DENOMINATIONCOUNT100X>0</DENOMINATIONCOUNT100X>
       <DENOMINATIONCOUNT50X>0</DENOMINATIONCOUNT50X>
       <DENOMINATIONCOUNT20X>0</DENOMINATIONCOUNT20X>
       <DENOMINATIONCOUNT10X>0</DENOMINATIONCOUNT10X>
       <DENOMINATIONCOUNT5X>0</DENOMINATIONCOUNT5X>
       <DENOMINATIONCOUNT2X>0</DENOMINATIONCOUNT2X>
       <DENOMINATIONCOUNT1X>0</DENOMINATIONCOUNT1X>
       <DENOMINATIONAMOUNTOTHERS/>
       <CURRPARTYLEDGERNAME/>
       <TEMPVATCLASSIFICATION/>
       <TEMPGSTOVRDNINELIGIBLEITC/>
       <TEMPGSTOVRDNISREVCHARGEAPPL/>
       <TEMPGSTSOURCE/>
       <TEMPHSNSOURCE/>
       <TEMPTDSSECTIONNO/>
       <TEMPTDSNOP/>
       <TEMPTDSDEDNSTATUS/>
       <TEMPTDSRESSTATUS/>
       <TEMPTAXCHEQUENUMBER/>
       <TEMPTAXCHEQUEDATE/>
       <TEMPTAXBSRCODE/>
       <TEMPTAXCHALLANNUMBER/>
       <TEMPTAXCHALLANDATE/>
       <TEMPTAXBANKNAME/>
       <TEMPTAXBANKBRANCHNAME/>
       <ISACCEPTASIS/>
       <INVOICEROUNDINGDIFFVAL/>
       <VATGCCTAXAMOUNT/>
       <GSTCOMPDUTYAMOUNT/>
       <EXCISETEMPDUTYVAL/>
       <ISVATADJLEDGER/>
       <VATASSESMENTATE>0</VATASSESMENTATE>
       <GSTLEDGERDISCOUNT/>
       <GVATLEDGEREXCISE/>
       <GSTDUTYAMOUNT/>
       <RBVATTAXAMOUNT/>
       <SALESCESSTAXAMOUNT/>
       <TEMPHSNEFFDATE/>
       <TEMPTAXRATEEFFDATE/>
       <TEMPPREVLEDGERNAME/>
       <TEMPPREVINCLLEDNAME/>
       <SERVICETAXDETAILS.LIST>       </SERVICETAXDETAILS.LIST>
       <BANKALLOCATIONS.LIST>       </BANKALLOCATIONS.LIST>
       <BILLALLOCATIONS.LIST>
        <YEAREND/>
        <NAME>2</NAME>
        <BILLCREDITPERIOD/>
        <TDSDEDUCTEESECTIONNUMBER/>
        <TDSLEDGERNC/>
        <SERVICETAXLEDGER/>
        <BILLTYPE>New Ref</BILLTYPE>
        <SUMNAME/>
        <TDSDEDUCTEEISSPECIALRATE>No</TDSDEDUCTEEISSPECIALRATE>
        <TDSDEDUCTEESPECIALRATE>0</TDSDEDUCTEESPECIALRATE>
        <AMOUNT>-9700.00</AMOUNT>
        <INTERESTCOLLECTION.LIST>        </INTERESTCOLLECTION.LIST>
        <STBILLCATEGORIES.LIST>        </STBILLCATEGORIES.LIST>
       </BILLALLOCATIONS.LIST>
       <INTERESTCOLLECTION.LIST>       </INTERESTCOLLECTION.LIST>
       <OLDAUDITENTRIES.LIST>       </OLDAUDITENTRIES.LIST>
       <ACCOUNTAUDITENTRIES.LIST>       </ACCOUNTAUDITENTRIES.LIST>
       <AUDITENTRIES.LIST>       </AUDITENTRIES.LIST>
       <INPUTCRALLOCS.LIST>       </INPUTCRALLOCS.LIST>
       <DUTYHEADDETAILS.LIST>       </DUTYHEADDETAILS.LIST>
       <EXCISEDUTYHEADDETAILS.LIST>       </EXCISEDUTYHEADDETAILS.LIST>
       <RATEDETAILS.LIST>       </RATEDETAILS.LIST>
       <SUMMARYALLOCS.LIST>       </SUMMARYALLOCS.LIST>
       <CENVATDUTYALLOCATIONS.LIST>       </CENVATDUTYALLOCATIONS.LIST>
       <STPYMTDETAILS.LIST>       </STPYMTDETAILS.LIST>
       <EXCISEPAYMENTALLOCATIONS.LIST>       </EXCISEPAYMENTALLOCATIONS.LIST>
       <TAXBILLALLOCATIONS.LIST>       </TAXBILLALLOCATIONS.LIST>
       <TAXOBJECTALLOCATIONS.LIST>       </TAXOBJECTALLOCATIONS.LIST>
       <TDSEXPENSEALLOCATIONS.LIST>       </TDSEXPENSEALLOCATIONS.LIST>
       <VATSTATUTORYDETAILS.LIST>       </VATSTATUTORYDETAILS.LIST>
       <COSTTRACKALLOCATIONS.LIST>       </COSTTRACKALLOCATIONS.LIST>
       <REFVOUCHERDETAILS.LIST>       </REFVOUCHERDETAILS.LIST>
       <INVOICEWISEDETAILS.LIST>       </INVOICEWISEDETAILS.LIST>
       <VATITCDETAILS.LIST>       </VATITCDETAILS.LIST>
       <ADVANCETAXDETAILS.LIST>       </ADVANCETAXDETAILS.LIST>
       <TAXTYPEALLOCATIONS.LIST>       </TAXTYPEALLOCATIONS.LIST>
      </LEDGERENTRIES.LIST>
      <GST.LIST>      </GST.LIST>
      <STKJRNLADDLCOSTDETAILS.LIST>      </STKJRNLADDLCOSTDETAILS.LIST>
      <PAYROLLMODEOFPAYMENT.LIST>      </PAYROLLMODEOFPAYMENT.LIST>
      <ATTDRECORDS.LIST>      </ATTDRECORDS.LIST>
      <GSTEWAYCONSIGNORADDRESS.LIST>      </GSTEWAYCONSIGNORADDRESS.LIST>
      <GSTEWAYCONSIGNEEADDRESS.LIST>      </GSTEWAYCONSIGNEEADDRESS.LIST>
      <TEMPGSTRATEDETAILS.LIST>      </TEMPGSTRATEDETAILS.LIST>
      <TEMPGSTADVADJUSTED.LIST>      </TEMPGSTADVADJUSTED.LIST>
      <GSTBUYERADDRESS.LIST>      </GSTBUYERADDRESS.LIST>
      <GSTCONSIGNEEADDRESS.LIST>      </GSTCONSIGNEEADDRESS.LIST>
     </VOUCHER>
    </TALLYMESSAGE>
    <TALLYMESSAGE xmlns:UDF="TallyUDF">
     <VOUCHER REMOTEID="4f4b301a-1b53-4744-b942-cc755b053d67-00000003" VCHKEY="4f4b301a-1b53-4744-b942-cc755b053d67-0000b2b3:00000018" VCHTYPE="Purchase" ACTION="Create" OBJVIEW="Invoice Voucher View">
      <OLDAUDITENTRYIDS.LIST TYPE="Number">
       <OLDAUDITENTRYIDS>-1</OLDAUDITENTRYIDS>
      </OLDAUDITENTRYIDS.LIST>
      <VATREGISTRATIONDATE/>
      <CSTREGISTRATIONDATE/>
      <FROMDATE/>
      <TODATE/>
      <ACTIVETO/>
      <ALTEREDON/>
      <DATE>20250401</DATE>
      <LUTDATEOFISSUE/>
      <LUTEXPIRYDATE/>
      <BONDDATEOFISSUE/>
      <BONDEXPIRYDATE/>
      <TAXCHEQUEDATE/>
      <TAXCHALLANDATE/>
      <REFERENCEDATE>20250401</REFERENCEDATE>
      <SHIPPINGBILLDATE/>
      <BILLOFENTRYDATE/>
      <VATPARTYTRANSRETURNDATE/>
      <ORIGINALVCHDATE/>
      <ISDDOCUMENTDATE/>
      <IRNCANCELDATE/>
      <IRNACKDATE/>
      <RECONCILATIONDATE/>
      <FORM16ISSUEDATE/>
      <CSTFORMISSUEDATE/>
      <CSTFORMRECVDATE/>
      <CERTIFICATEDATE/>
      <TRADERMFGRINVOICEDT/>
      <FBTFROMDATE/>
      <FBTTODATE/>
      <RETURNINVOICEDATE/>
      <AGGREMENTORDERDATE/>
      <GOODSRCPTDATE/>
      <LORRYRECPTDATE/>
      <TRANSSALELANDINGDATE/>
      <TRANSBUYERLANDINGDATE/>
      <CREDITLETTERDATE/>
      <AIRWAYBILLDATE/>
      <VATORDERDATE/>
      <INVDELIVERYDATE/>
      <BILLOFLADINGDATE/>
      <VATDEPOSITDATE/>
      <VATDOCUMENTDATE/>
      <VATCHALLANDATE/>
      <ECDATE/>
      <VATTDSDATE/>
      <ADJFROMDATE/>
      <ADJTODATE/>
      <VATDDCHEQUEDATE/>
      <VATDUEDATE/>
      <VATINTDATE/>
      <VATDELAY/>
      <VATGRNDATE/>
      <REFUNDORDERDT/>
      <VATFORMSUBMISSIONDATE/>
      <VATCANCSALESINVOICEDATE/>
      <VATFORMTWELVEDATE/>
      <UTKAGREEORDDATE/>
      <UTKGOODSDELDATE/>
      <VATBILTYDATE/>
      <EIDESPDATE/>
      <VATCSTE1SERIESDATE/>
      <VCHVATDEPOSITDATE/>
      <VCHREFERENCEDATE/>
      <TAXPAYPERIODFROMDATE/>
      <TAXPAYPERIODTODATE/>
      <STTAXCHALLANDATE/>
      <GSTCHALLANDATE/>
      <GSTCHALLANEXPIRYDATE/>
      <ADJPARTYINVOICEDATE/>
      <ADJPARTYPAYMENTDATE/>
      <PARTYORDERDATE/>
      <ADVANCERECEIPTDATE/>
      <REFUNDVOUCHERDATE/>
      <VCHSTATUSDATE>20250401</VCHSTATUSDATE>
      <PAYMENTLINKEXPIRYDATE/>
      <VATSUBMISSIONDATE/>
      <PARTYINVDATE/>
      <INSPDOCDATE/>
      <VATCANCINVDATE/>
      <VATGOODSRECEIPTDATE/>
      <VATCSTE1DATE/>
      <DISPATCHDATE/>
      <AUDITEDON/>
      <GUID>4f4b301a-1b53-4744-b942-cc755b053d67-00000003</GUID>
      <VATDISTRICTNAME/>
      <GSTREGISTRATIONTYPE>Regular</GSTREGISTRATIONTYPE>
      <VATDEALERTYPE>Regular</VATDEALERTYPE>
      <STATENAME/>
      <PRICELEVEL/>
      <TDSNATUREOFPAYMENT/>
      <AUTOCOSTLEVEL/>
      <PURPOSETYPE/>
      <NARRATION/>
      <ENTEREDBY/>
      <ALTEREDBY/>
      <TYPEOFUPDATEACTIVITY/>
      <OBJECTUPDATEACTION/>
      <REQUESTORRULE/>
      <COUNTRYOFRESIDENCE>India</COUNTRYOFRESIDENCE>
      <IMPORTEREXPORTERCODE/>
      <PARTYGSTIN/>
      <VATDEALERNATURE/>
      <NATUREOFSALES/>
      <EXCISENOTIFICATIONNO/>
      <PLACEOFSUPPLY/>
      <LUTNUMBER/>
      <BONDNUMBER/>
      <AUTHORITYNAME/>
      <AUTHORITYADDRESS/>
      <TAXUNITNAME/>
      <ITEMSTATE/>
      <EXCISEUNITNAME/>
      <VOUCHERTYPENAME>Purchase</VOUCHERTYPENAME>
      <CLASSNAME/>
      <POSCARDLEDGER/>
      <POSCASHLEDGER/>
      <POSGIFTLEDGER/>
      <POSCHEQUELEDGER/>
      <SECTIONNAME/>
      <EXCISECLASSIFICATIONNAME/>
      <TDSSECTIONNO/>
      <TDSDEDNSTATUS/>
      <TAXBANKCHALLANNUMBER/>
      <TAXCHALLANBSRCODE/>
      <TAXCHEQUENUMBER/>
      <TAXBANKNAME/>
      <TAXBANKBRANCHNAME/>
      <PARTYNAME>Mumbai Suppliers</PARTYNAME>
      <GSTREGISTRATION/>
      <CMPGSTIN/>
      <RETURNNAME/>
      <ECOMMERCEGSTIN/>
      <PARTYLEDGERNAME>Mumbai Suppliers</PARTYLEDGERNAME>
      <VOUCHERNUMBER>1</VOUCHERNUMBER>
      <TAXADJUSTMENT/>
      <BUYERADDRESSTYPE/>
      <PORTCODE/>
      <SHIPPINGBILLNO/>
      <BILLOFENTRYNO/>
      <VATPARTYTRANSRETURNNUMBER/>
      <BASICBUYERNAME>Demo Trading Co</BASICBUYERNAME>
      <CMPGSTREGISTRATIONTYPE/>
      <URDORIGINALSALEVALUE/>
      <GSTNATUREOFRETURN/>
      <ORIGINALVCHNUMBER/>
      <ISDDOCUMENTNUMBER/>
      <TAXPAYMENTTYPE/>
      <STATPAYMENTTYPE/>
      <GSTADDITIONALDETAILS/>
      <REFERENCE>Pur-001</REFERENCE>
      <GSTITCDOCUMENTTYPE/>
      <PARTYMAILINGNAME>Mumbai Suppliers</PARTYMAILINGNAME>
      <PARTYPINCODE/>
      <IRN/>
      <IRNCANCELREASON/>
      <IRNCANCELCODE/>
      <BILLTOPLACE/>
      <DISPATCHFROMNAME/>
      <DISPATCHFROMSTATENAME/>
      <DISPATCHFROMPINCODE/>
      <DISPATCHFROMPLACE/>
      <SHIPTOPLACE/>
      <CONSIGNEEGSTIN/>
      <CONSIGNEEMAILINGNAME>Demo Trading Co</CONSIGNEEMAILINGNAME>
      <CONSIGNEEPINCODE/>
      <CONSIGNEESTATENAME/>
      <CMPGSTSTATE/>
      <IRNQRCODE/>
      <CONSIGNEECOUNTRYNAME>India</CONSIGNEECOUNTRYNAME>
      <PARTYADDRESSTYPE/>
      <GSTSUPPLYTYPE/>
      <IRNACKNO/>
      <IRNIRPSOURCE/>
      <REMARKS/>
      <BASICBASEPARTYNAME>Mumbai Suppliers</BASICBASEPARTYNAME>
      <BASICVOUCHERCHEQUENAME/>
      <BASICVOUCHERCROSSCOMMENT/>
      <EXCHGCURRENCYNAME/>
      <SERIALMASTER/>
      <SERIALNUMBER/>
      <STATADJUSTMENTTYPE/>
      <CONSIGNEEIECODE/>
      <SUPPLIERIECODE/>
      <ARESERIALMASTER/>
      <ARESERIALNUMBER/>
      <SUMAUTOVCHNUM/>
      <VCHRETAINEDPURPOSE/>
      <NUMBERINGSTYLE>Auto Retain</NUMBERINGSTYLE>
      <OPBALANCEUSEDFOR/>
      <TAXBANKACCOUNTNUMBER/>
      <TDSADJUSTMENTTYPE/>
      <CSTFORMISSUETYPE>&#4; Not Applicable</CSTFORMISSUETYPE>
      <CSTFORMISSUENUMBER/>
      <CSTFORMRECVTYPE>&#4; Not Applicable</CSTFORMRECVTYPE>
      <CSTFORMRECVNUMBER/>
      <CONSIGNEECSTNUMBER/>
      <BUYERSCSTNUMBER/>
      <CSTFORMISSUESERIESNUM/>
      <CSTFORMRECVSERIESNUM/>
      <EXCISETREASURYNUMBER/>
      <EXCISETREASURYNAME/>
      <CERTIFICATETYPE/>
      <CERTIFICATENUMBER/>
      <AREFORMTYPE/>
      <DESTINATIONTAXUNIT/>
      <TRADERCONSVATTINNO/>
      <TRADERCONSEXCISEREGNNO/>
      <TRADERCONSRANGE/>
      <TRADERCONSDIVISION/>
      <TRADERCONSCOMMISSIONERATE/>
      <TRADERSUPPEXCISEREGNNO/>
      <TRADERSUPPRANGE/>
      <TRADERSUPPDIVISION/>
      <TRADERSUPPCOMMISSIONERATE/>
      <TRADERMFGREXCISEREGNNO/>
      <TRADERMFGRRANGE/>
      <TRADERMFGRDIVISION/>
      <TRADERMFGRCOMMISSIONERATE/>
      <TRADERMFGRNAME/>
      <TRADERMFGRINVOICENO/>
      <FBTPAYMENTTYPE>Default</FBTPAYMENTTYPE>
      <POSCARDNUMBER/>
      <POSCHEQUENUMBER/>
      <POSCHEQUEBANKNAME/>
      <CHALLANTYPE/>
      <CHEQUEDEPOSITORNAME/>
      <EXCISENOTIFICATIONSERIALNO/>
      <PERSISTEDVIEW>Invoice Voucher View</PERSISTEDVIEW>
      <EXCISETARIFFTYPE/>
      <CONSIGNEELBTREGNNO/>
      <CONSIGNEELBTZONE/>
      <SUPPLIERLBTREGNNO/>
      <SUPPLIERLBTZONE/>
      <LBTMAPPEDCATEGORY/>
      <LBTMAPPEDZONE/>
      <LBTNATUREOFLIABILITY/>
      <CASHPARTYPAN/>
      <CASHPARTYDEDTYPE/>
      <VCHTAXTYPE/>
      <TCSADJUSTMENTTYPE/>
      <PURPOSEOFPURCHASE/>
      <POINTOFTRANSACTION/>
      <TRANSPORTERNAME/>
      <TRANSPORTMODE/>
      <AGGREMENTORDERNO/>
      <FOREIGNSELLERNAME/>
      <EXPORTERCOUNTRY/>
      <GOODSVEHICLENUMBER/>
      <SHIPNAME/>
      <SHIPAGENTNAME/>
      <CLEARINGAGENTNAME/>
      <LORRYRECPTNO/>
      <CARRIERNAME/>
      <CREDITLETTERREF/>
      <AIRWAYBILLNO/>
      <FWDAGENTNAME/>
      <VATORDERNO/>
      <VATSELLERTIN/>
      <TRANSSOURCEPLACE/>
      <TRANSCATEGORY/>
      <VATDOCUMENTTYPE/>
      <VATTRANSBILLQTY/>
      <VATTRANSBILLNO/>
      <BILLOFLADINGNO/>
      <VATPAIDAGAINST/>
      <VATBANKNAME/>
      <VATBANKBRANCH/>
      <VATDDCHEQUENO/>
      <VATADJUSTMENTTYPE/>
      <VATFORMSTATUS/>
      <VATDOCUMENTNUMBER/>
      <VATSOURCESTATE/>
      <VATDESTINATIONSTATE/>
      <VATDESTINATIONPLACE/>
      <VATPARTYORGTYPE/>
      <VATPARTYTYPE/>
      <VATCHALLANNUMBER/>
      <VATDESIGOFPURCHASER/>
      <VATPURCHASERCPTTYPE/>
      <VATGOODSRCPTNO/>
      <VATPARTYORGNAME/>
      <AIRPORTNAME/>
      <TDNOFAWARDER/>
      <ECNUMBER/>
      <ECISSUINGAUTHORITY/>
      <CONTRACTORTIN/>
      <VATTDSBARCODE/>
      <VATPYMTMODEOFDEPOSIT/>
      <VATPYMTTAXDESC/>
      <VATBANKACCNUMBER/>
      <VATBRANCHCODE/>
      <VATTRANSSOURCE/>
      <VATADJADDLDETAILS/>
      <VATBRANCHNAME/>
      <PRIORITYSTATECONFLICT/>
      <EICHECKPOST/>
      <PORTNAME/>
      <VATEFORMAPPLICABLE/>
      <VATEFORMAPPLICABLENO/>
      <VATINCOURSEOF/>
      <VATDISPATCHTIME/>
      <VATTRANSPORTERADDRESS/>
      <VATCONTRACTEETDN/>
      <VATCONTRACTEEDISTRICT/>
      <VATCONTRACTEENAME/>
      <CONSUMERIDENTIFICATIONNUMBER/>
      <VATVCHRHANDLE/>
      <VATCHALLANNO/>
      <TAXINVOICENO/>
      <VATTREASURY/>
      <VATTYPE/>
      <VATISSUEBANK/>
      <BOOKNUMBER/>
      <VATCHALLANAGAINST/>
      <VATPAYMENTMODE/>
      <VATDEMANDPURPOSE/>
      <VATFORM38NO/>
      <VATCUSTOMSENTRYNO/>
      <VATPARTNERNAME/>
      <VATDRIVERADDRESS/>
      <VATSOURCEDISTRICT/>
      <VATDESTINATIONDISTRICT/>
      <VATLICENSESTATE/>
      <VATVEHICLENO/>
      <VATWAYBILLNUMBER/>
      <VATCHECKPOSTNAME/>
      <VATCANCSALESINVOICENO/>
      <VATCANCSALESPARTYNAME/>
      <VATCANCSALESPARTYCSTTIN/>
      <VATFORMTWELVENO/>
      <UTKAGREEORDNO/>
      <UTKTRNSPORTCMPNAME/>
      <UTKTRANSPORTMODE/>
      <UTKTRANSPORTVEHNO/>
      <VATBILTYNO/>
      <VATFORM49NO/>
      <VATCATEGORYTYPE/>
      <VATWAYBILLQTY/>
      <VCHVATDOCUMENTTYPE/>
      <REFUNDORDERNO/>
      <VATPURPOSECODE/>
      <VATDESCRIPTION/>
      <DEPOTNAME/>
      <CMPTYPEOFDEVICE/>
      <CMPDEVICENO/>
      <VATBANK/>
      <VATBRANCH/>
      <VATDRAFTCHEQUENO/>
      <VATWCDESC/>
      <VATCHECKPOST/>
      <VATCSTE1SERIESNUMBER/>
      <VATCSTE1SERIALNUMBER/>
      <BUYERPINNO/>
      <CONSIGNEEPINNO/>
      <VATEXEMPTCERTIFINO/>
      <VATWAYBILLNO/>
      <VATBRIEFDESC/>
      <VATEXPORTENTRYNUMBER/>
      <STTVCHRHANDLE/>
      <SRVTREGNUMBER/>
      <STTAXBANKCHALLANNUMBER/>
      <TYPEOFEXCISEVOUCHER/>
      <GSTBANKNAME/>
      <GSTBANKACCOUNTNUMBER/>
      <GSTBANKACCOUNTTYPE/>
      <GSTBANKACCOUNTHOLDER/>
      <GSTBANKBRANCHADDRESS/>
      <GSTBANKIFSCCODE/>
      <GSTBANKMICRCODE/>
      <GSTDEBITDOCNUMBER/>
      <GSTPYMTMODEOFDEPOSIT/>
      <GSTBANKBRANCHNAME/>
      <GSTINSTRUMENTNUMBER/>
      <GSTCHALLANNUMBER/>
      <GSTCPINNUMBER/>
      <GSTCINNUMBER/>
      <ADJPARTYGSTIN/>
      <ADJPARTYINVOICENO/>
      <GSTMERCHANTID/>
      <PARTYORDERNO/>
      <GSTITCREVERSALDETAILS/>
      <GSTACTIVITYSTATUS/>
      <GSTRECONSTATUS/>
      <GSTREASONFORREJECTION/>
      <ADVANCERECEIPTNUMBER/>
      <REFUNDVOUCHERNUMBER/>
      <GSTNATURE/>
      <VCHTAXUNIT/>
      <DISPATCHFROMADDRESSTYPE/>
      <VCHSTATUSTAXADJUSTMENT>Default</VCHSTATUSTAXADJUSTMENT>
      <VCHSTATUSVOUCHERTYPE>Purchase</VCHSTATUSVOUCHERTYPE>
      <VCHSTATUSTAXUNIT/>
      <PAYMENTLINK/>
      <BASICSHIPPEDBY/>
      <BASICDESTINATIONCOUNTRY/>
      <BASICPLACEOFRECEIPT/>
      <BASICSHIPDOCUMENTNO/>
      <BASICPORTOFLOADING/>
      <BASICPORTOFDISCHARGE/>
      <BASICFINALDESTINATION/>
      <BASICORDERREF/>
      <BASICSHIPVESSELNO/>
      <BASICBUYERSSALESTAXNO/>
      <BASICDUEDATEOFPYMT/>
      <BASICSERIALNUMINPLA/>
      <BASICDATETIMEOFINVOICE/>
      <BASICDATETIMEOFREMOVAL/>
      <MFGRADDRESSTYPE/>
      <TRANSPORTERADDRROOM/>
      <TRANSPORTERADDRBLDG/>
      <TRANSPORTERADDRROAD/>
      <TRANSPORTERADDRAREA/>
      <TRANSPORTERADDRTOWN/>
      <TRANSPORTERADDRDIST/>
      <TRANSPORTERADDRSTATE/>
      <TRANSPORTERADDRPINCODE/>
      <TRANSPORTERADDRPHONE/>
      <TRANSPORTERADDRFAX/>
      <TRANSPORTERVEHICLE2/>
      <TRANSPORTLOCALTIN/>
      <VATCFORMISSUESTATE/>
      <PLACEOFSUPPLYSTATE/>
      <PLACEOFSUPPLYCOUNTRY/>
      <EMIRATEPOS/>
      <VCHGSTCLASS>&#4; Not Applicable</VCHGSTCLASS>
      <COSTCENTRENAME/>
      <ADDITIONALNARRATION/>
      <PARTYINVNO/>
      <INSPDOCNO/>
      <SETTLEMENTTYPE/>
      <VOUCHERTIME/>
      <HOLDREFERENCE/>
      <VATCANCINVNO/>
      <VATCANCPURCTIN/>
      <VATCANCPURCNAME/>
      <VATTYPEOFDEVICE/>
      <VATBRIEFDESCRIPTION/>
      <VATDEVICENO/>
      <BUYERPINNUMBER/>
      <VATEXPORTENTRYNO/>
      <CONSIGNEEPINNUMBER/>
      <VATEXEMPTCERTIFICATENO/>
      <VATVEHICLENUMBER/>
      <VATGOODSRECEIPTNUMBER/>
      <VATMOBILENUMBER/>
      <VATCSTE1SERIESNO/>
      <VATCSTE1SERIALNO/>
      <VATPERMITFORM/>
      <VATCERTIFICATENO/>
      <CONSIGNEECIRCLE/>
      <CONSIGNEECITY/>
      <CONSIGNEEMOBILENUMBER/>
      <CONSIGNEEOTHERS/>
      <CONSIGNEEMAIL/>
      <DELIVERYCITY/>
      <DELIVERYPINCODE/>
      <DELIVERYOTHERS/>
      <DELIVERYSTATE/>
      <DISPATCHCITY/>
      <DISPATCHPINCODE/>
      <DESTINATIONPERMITNUMBER/>
      <ENTRYCHECKPOSTLOCATION/>
      <EXITCHECKPOSTLOCATION/>
      <VATTDSDEDUCTORNAME/>
      <VCHENTRYMODE>Item Invoice</VCHENTRYMODE>
      <ISDDCNOTEDOCNUMBER/>
      <OPENINGVCHFOR/>
      <VOUCHERTYPEORIGNAME/>
      <DOCUMENTID/>
      <EXCHANGEPURPOSE/>
      <DIFFACTUALQTY>No</DIFFACTUALQTY>
      <ISMSTFROMSYNC>No</ISMSTFROMSYNC>
      <ISDELETED>No</ISDELETED>
      <ISSECURITYONWHENENTERED>No</ISSECURITYONWHENENTERED>
      <ASORIGINAL>No</ASORIGINAL>
      <AUDITED>No</AUDITED>
      <ISCOMMONPARTY>No</ISCOMMONPARTY>
      <FORJOBCOSTING>No</FORJOBCOSTING>
      <ISOPTIONAL>No</ISOPTIONAL>
      <EFFECTIVEDATE>20250401</EFFECTIVEDATE>
      <USEFOREXCISE>No</USEFOREXCISE>
      <ISFORJOBWORKIN>No</ISFORJOBWORKIN>
      <ALLOWCONSUMPTION>No</ALLOWCONSUMPTION>
      <USEFORINTEREST>No</USEFORINTEREST>
      <USEFORGAINLOSS>No</USEFORGAINLOSS>
      <USEFORGODOWNTRANSFER>No</USEFORGODOWNTRANSFER>
      <USEFORCOMPOUND>No</USEFORCOMPOUND>
      <USEFORSERVICETAX>No</USEFORSERVICETAX>
      <ISREVERSECHARGEAPPLICABLE>No</ISREVERSECHARGEAPPLICABLE>
      <ISSYSTEM>No</ISSYSTEM>
      <ISFETCHEDONLY>No</ISFETCHEDONLY>
      <ISGSTOVERRIDDEN>No</ISGSTOVERRIDDEN>
      <ISCANCELLED>No</ISCANCELLED>
      <ISONHOLD>No</ISONHOLD>
      <ISSUMMARY>No</ISSUMMARY>
      <ISECOMMERCESUPPLY>No</ISECOMMERCESUPPLY>
      <ISBOENOTAPPLICABLE>No</ISBOENOTAPPLICABLE>
      <ISGSTSECSEVENAPPLICABLE>No</ISGSTSECSEVENAPPLICABLE>
      <IGNOREEINVVALIDATION>No</IGNOREEINVVALIDATION>
      <CMPGSTISOTHTERRITORYASSESSEE>No</CMPGSTISOTHTERRITORYASSESSEE>
      <PARTYGSTISOTHTERRITORYASSESSEE>No</PARTYGSTISOTHTERRITORYASSESSEE>
      <IRNJSONEXPORTED>No</IRNJSONEXPORTED>
      <IRNCANCELLED>No</IRNCANCELLED>
      <IGNOREGSTCONFLICTINMIG>No</IGNOREGSTCONFLICTINMIG>
      <ISOPBALTRANSACTION>No</ISOPBALTRANSACTION>
      <IGNOREGSTFORMATVALIDATION>No</IGNOREGSTFORMATVALIDATION>
      <ISELIGIBLEFORITC>Yes</ISELIGIBLEFORITC>
      <IGNOREGSTOPTIONALUNCERTAIN>No</IGNOREGSTOPTIONALUNCERTAIN>
      <UPDATESUMMARYVALUES>No</UPDATESUMMARYVALUES>
      <ISEWAYBILLAPPLICABLE>No</ISEWAYBILLAPPLICABLE>
      <ISDELETEDRETAINED>No</ISDELETEDRETAINED>
      <ISNULL>No</ISNULL>
      <ISEXCISEVOUCHER>No</ISEXCISEVOUCHER>
      <EXCISETAXOVERRIDE>No</EXCISETAXOVERRIDE>
      <USEFORTAXUNITTRANSFER>No</USEFORTAXUNITTRANSFER>
      <ISEXER1NOPOVERWRITE>No</ISEXER1NOPOVERWRITE>
      <ISEXF2NOPOVERWRITE>No</ISEXF2NOPOVERWRITE>
      <ISEXER3NOPOVERWRITE>No</ISEXER3NOPOVERWRITE>
      <IGNOREPOSVALIDATION>No</IGNOREPOSVALIDATION>
      <EXCISEOPENING>No</EXCISEOPENING>
      <USEFORFINALPRODUCTION>No</USEFORFINALPRODUCTION>
      <ISTDSOVERRIDDEN>No</ISTDSOVERRIDDEN>
      <ISTCSOVERRIDDEN>No</ISTCSOVERRIDDEN>
      <ISTDSTCSCASHVCH>No</ISTDSTCSCASHVCH>
      <INCLUDEADVPYMTVCH>No</INCLUDEADVPYMTVCH>
      <ISSUBWORKSCONTRACT>No</ISSUBWORKSCONTRACT>
      <ISVATOVERRIDDEN>No</ISVATOVERRIDDEN>
      <IGNOREORIGVCHDATE>No</IGNOREORIGVCHDATE>
      <ISVATPAIDATCUSTOMS>No</ISVATPAIDATCUSTOMS>
      <ISDECLAREDTOCUSTOMS>No</ISDECLAREDTOCUSTOMS>
      <VATADVANCEPAYMENT>No</VATADVANCEPAYMENT>
      <VATADVPAY>No</VATADVPAY>
      <ISCSTDELCAREDGOODSSALES>No</ISCSTDELCAREDGOODSSALES>
      <ISVATRESTAXINV>No</ISVATRESTAXINV>
      <ISSERVICETAXOVERRIDDEN>No</ISSERVICETAXOVERRIDDEN>
      <ISISDVOUCHER>No</ISISDVOUCHER>
      <ISEXCISEOVERRIDDEN>No</ISEXCISEOVERRIDDEN>
      <ISEXCISESUPPLYVCH>No</ISEXCISESUPPLYVCH>
      <GSTNOTEXPORTED>No</GSTNOTEXPORTED>
      <IGNOREGSTINVALIDATION>No</IGNOREGSTINVALIDATION>
      <ISGSTREFUND>No</ISGSTREFUND>
      <OVRDNEWAYBILLAPPLICABILITY>No</OVRDNEWAYBILLAPPLICABILITY>
      <ISVATPRINCIPALACCOUNT>No</ISVATPRINCIPALACCOUNT>
      <VCHSTATUSISVCHNUMUSED>No</VCHSTATUSISVCHNUMUSED>
      <VCHGSTSTATUSISINCLUDED>No</VCHGSTSTATUSISINCLUDED>
      <VCHGSTSTATUSISUNCERTAIN>Yes</VCHGSTSTATUSISUNCERTAIN>
      <VCHGSTSTATUSISEXCLUDED>No</VCHGSTSTATUSISEXCLUDED>
      <VCHGSTSTATUSISAPPLICABLE>Yes</VCHGSTSTATUSISAPPLICABLE>
      <VCHGSTSTATUSISGSTR2BRECONCILED>No</VCHGSTSTATUSISGSTR2BRECONCILED>
      <VCHGSTSTATUSISGSTR2BONLYINPORTAL>No</VCHGSTSTATUSISGSTR2BONLYINPORTAL>
      <VCHGSTSTATUSISGSTR2BONLYINBOOKS>No</VCHGSTSTATUSISGSTR2BONLYINBOOKS>
      <VCHGSTSTATUSISGSTR2BMISMATCH>No</VCHGSTSTATUSISGSTR2BMISMATCH>
      <VCHGSTSTATUSISGSTR2BINDIFFPERIOD>No</VCHGSTSTATUSISGSTR2BINDIFFPERIOD>
      <VCHGSTSTATUSISRETEFFDATEOVERRDN>No</VCHGSTSTATUSISRETEFFDATEOVERRDN>
      <VCHGSTSTATUSISOVERRDN>No</VCHGSTSTATUSISOVERRDN>
      <VCHGSTSTATUSISSTATINDIFFDATE>No</VCHGSTSTATUSISSTATINDIFFDATE>
      <VCHGSTSTATUSISRETINDIFFDATE>No</VCHGSTSTATUSISRETINDIFFDATE>
      <VCHGSTSTATUSMAINSECTIONEXCLUDED>No</VCHGSTSTATUSMAINSECTIONEXCLUDED>
      <VCHGSTSTATUSISBRANCHTRANSFEROUT>No</VCHGSTSTATUSISBRANCHTRANSFEROUT>
      <VCHGSTSTATUSISSYSTEMSUMMARY>No</VCHGSTSTATUSISSYSTEMSUMMARY>
      <VCHSTATUSISUNREGISTEREDRCM>No</VCHSTATUSISUNREGISTEREDRCM>
      <VCHSTATUSISOPTIONAL>No</VCHSTATUSISOPTIONAL>
      <VCHSTATUSISCANCELLED>No</VCHSTATUSISCANCELLED>
      <VCHSTATUSISDELETED>No</VCHSTATUSISDELETED>
      <VCHSTATUSISOPENINGBALANCE>No</VCHSTATUSISOPENINGBALANCE>
      <VCHSTATUSISFETCHEDONLY>No</VCHSTATUSISFETCHEDONLY>
      <VCHGSTSTATUSISOPTIONALUNCERTAIN>No</VCHGSTSTATUSISOPTIONALUNCERTAIN>
      <VCHSTATUSISREACCEPTFORHSNDONE>No</VCHSTATUSISREACCEPTFORHSNDONE>
      <VCHSTATUSISREACCEPHSNSIXONEDONE>Yes</VCHSTATUSISREACCEPHSNSIXONEDONE>
      <PAYMENTLINKHASMULTIREF>No</PAYMENTLINKHASMULTIREF>
      <ISSHIPPINGWITHINSTATE>No</ISSHIPPINGWITHINSTATE>
      <ISOVERSEASTOURISTTRANS>No</ISOVERSEASTOURISTTRANS>
      <ISDESIGNATEDZONEPARTY>No</ISDESIGNATEDZONEPARTY>
      <HASCASHFLOW>No</HASCASHFLOW>
      <ISPOSTDATED>No</ISPOSTDATED>
      <USETRACKINGNUMBER>No</USETRACKINGNUMBER>
      <ISINVOICE>Yes</ISINVOICE>
      <MFGJOURNAL>No</MFGJOURNAL>
      <HASDISCOUNTS>No</HASDISCOUNTS>
      <ASPAYSLIP>No</ASPAYSLIP>
      <ISCOSTCENTRE>No</ISCOSTCENTRE>
      <ISSTXNONREALIZEDVCH>No</ISSTXNONREALIZEDVCH>
      <ISEXCISEMANUFACTURERON>No</ISEXCISEMANUFACTURERON>
      <ISBLANKCHEQUE>No</ISBLANKCHEQUE>
      <ISVOID>No</ISVOID>
      <ORDERLINESTATUS>No</ORDERLINESTATUS>
      <VATISAGNSTCANCSALES>No</VATISAGNSTCANCSALES>
      <VATISPURCEXEMPTED>No</VATISPURCEXEMPTED>
      <ISVATRESTAXINVOICE>No</ISVATRESTAXINVOICE>
      <VATISASSESABLECALCVCH>No</VATISASSESABLECALCVCH>
      <ISVATDUTYPAID>Yes</ISVATDUTYPAID>
      <ISDELIVERYSAMEASCONSIGNEE>No</ISDELIVERYSAMEASCONSIGNEE>
      <ISDISPATCHSAMEASCONSIGNOR>No</ISDISPATCHSAMEASCONSIGNOR>
      <ISDELETEDVCHRETAINED>No</ISDELETEDVCHRETAINED>
      <VCHONLYADDLINFOUPDATED>No</VCHONLYADDLINFOUPDATED>
      <CHANGEVCHMODE>No</CHANGEVCHMODE>
      <RESETIRNQRCODE>No</RESETIRNQRCODE>
      <ERRKEY>0</ERRKEY>
      <ALTERID> 3</ALTERID>
      <MASTERID> 3</MASTERID>
      <QRCODECRC>0</QRCODECRC>
      <EXCHANGEACTIVITYID>0</EXCHANGEACTIVITYID>
      <VOUCHERKEY>196481868890136</VOUCHERKEY>
      <VOUCHERRETAINKEY>1</VOUCHERRETAINKEY>
      <ECFEERATE>0</ECFEERATE>
      <VATCONSIGNMENTNO>0</VATCONSIGNMENTNO>
      <VATRATEOFTAX>0</VATRATEOFTAX>
      <EIDISCOUNTRATE>0</EIDISCOUNTRATE>
      <WBTRANSFERASSESSRATE>0</WBTRANSFERASSESSRATE>
      <VATWCDEDUCTIONPERC>0</VATWCDEDUCTIONPERC>
      <ISGSTOVRDNCRC>0</ISGSTOVRDNCRC>
      <IGNGSTFMTCRC>0</IGNGSTFMTCRC>
      <IGNEINVVALIDCRC>0</IGNEINVVALIDCRC>
      <IGNEXTNVALIDCRC>0</IGNEXTNVALIDCRC>
      <IGNPARTBVALIDCRC>0</IGNPARTBVALIDCRC>
      <IGNTRANSIDVALIDCRC>0</IGNTRANSIDVALIDCRC>
      <IGNGENERATIONVALIDCRC>0</IGNGENERATIONVALIDCRC>
      <IGNGSTVALIDCRC>0</IGNGSTVALIDCRC>
      <IGNGSTOPTUNCERTCRC>0</IGNGSTOPTUNCERTCRC>
      <RATEOFINVOICETAX>0</RATEOFINVOICETAX>
      <VCHSTATUSDUMMYLONG>0</VCHSTATUSDUMMYLONG>
      <VATTDSRATE>0</VATTDSRATE>
      <REUSEHOLEID>0</REUSEHOLEID>
      <BONDAMOUNT/>
      <POSCASHRECEIVED/>
      <CUSTOMDUTYPAID/>
      <VATPARTYITCCLAIMED/>
      <VATPARTYTAXLIABILITY/>
      <VALUEOFWORKSCONTRACT/>
      <ECFEEAMOUNT/>
      <ECFEEDEPOSITBYAWARDER/>
      <ECFEEDEPOSITBYCONTRACTOR/>
      <TDSDEDUCTED/>
      <VALUEOFSUBWORKSCONT/>
      <VATTDSAMT/>
      <VATPURCHASEVALUE/>
      <MAHWCASSESSABLEVALUE/>
      <WBTRANSFERBASEVALUE/>
      <VATWCDEDUCTIONAMT/>
      <VATWCOTHERDEDUCTAMT/>
      <CESSASSVALONCLASS/>
      <ADDNLVATCLASSAMT/>
      <ADJPARTYINVOICEVALUE/>
      <GSTINVASSESSABLEVALUE/>
      <EIDISCOUNTAMT/>
      <PAYMENTLINKAMOUNT/>
      <VATGOODSVALUE/>
      <EXCHGRATE/>
      <PROCESSINGDURATION/>
      <VOUCHERNUMBERSERIES>Default</VOUCHERNUMBERSERIES>
      <UPDATEDDATETIME>000000000</UPDATEDDATETIME>
      <IRNACKUPDATEDATETIME>000000000</IRNACKUPDATEDATETIME>
      <TEMPFROMDATE/>
      <TEMPGSTEWAYCONSIGNORADDRESSTYPE/>
      <TEMPGSTEWAYCONSIGNEEADDRESSTYPE/>
      <POSGIFTLEDGERAMOUNT/>
      <POSCARDLEDGERAMOUNT/>
      <POSCHEQUELEDGERAMOUNT/>
      <POSCASHLEDGERAMOUNT/>
      <TEMPCCCLASS/>
      <EIDEFAULTLED_ISZRBASICSERVICE/>
      <PREVBOMNAME/>
      <CURBOMNAME/>
      <COMMONNATUREOFPAYMENT/>
      <COMMONISBASEDONREALIZATION/>
      <COMMONISTDSDEDUCTED/>
      <TEMPISVCHSUPPLFILLED/>
      <CURRPARTYLEDGERNAME/>
      <CURRBASICBUYERNAME/>
      <CURRPARTYNAME/>
      <CURRBUYERADDRESSTYPE/>
      <CURRPARTYADDRESSTYPE/>
      <CURRSTATENAME/>
      <CURRBASICPURCHASEORDERNO/>
      <CURRBASICSHIPDELIVERYNOTE/>
      <POSSTAXPARTYLEDGERNAME/>
      <ISCSTAGTFORMC/>
      <EIDEFAULTLED_ISUSERDEFINED/>
      <EIDEFAULTLED_CLASSNAME/>
      <EIDEFAULTLED_CLASSRATE>0</EIDEFAULTLED_CLASSRATE>
      <EIDEFAULTLED_CLASSADDLRATE>0</EIDEFAULTLED_CLASSADDLRATE>
      <TEMPVATCLASSIFICATION/>
      <ISATTDDATAPRESERVED/>
      <TEMPGSTEWAYBILLNUMBER/>
      <TEMPGSTEWAYBILLDATE/>
      <TEMPGSTEWAYSUBTYPE/>
      <TEMPGSTEWAYDOCUMENTTYPE/>
      <TEMPGSTEWAYSTATUS/>
      <TEMPGSTEWAYISCANCELLED/>
      <TEMPGSTEWAYCONSIGNOR/>
      <TEMPGSTEWAYCONSIGNORADDRESS/>
      <TEMPGSTEWAYFROMPLACE/>
      <TEMPCONSIGNORPINCODENUMBER>0</TEMPCONSIGNORPINCODENUMBER>
      <TEMPGSTEWAYPINCODENUMBER>0</TEMPGSTEWAYPINCODENUMBER>
      <TEMPGSTEWAYPINCODE/>
      <TEMPGSTEWAYCONSIGNORTIN/>
      <TEMPGSTEWAYCONSIGNORSTATE/>
      <TEMPGSTEWAYCONSSHIPFROMSTATE/>
      <TEMPGSTEWAYCONSIGNEE/>
      <TEMPGSTEWAYCONSADDRESS/>
      <TEMPGSTEWAYCONSFROMPLACE/>
      <TEMPGSTEWAYCONSPINCODENUMBER>0</TEMPGSTEWAYCONSPINCODENUMBER>
      <TEMPCONSIGNEEPINCODENUMBER>0</TEMPCONSIGNEEPINCODENUMBER>
      <TEMPGSTEWAYCONSPINCODE/>
      <TEMPGSTEWAYCONSTIN/>
      <TEMPGSTEWAYCONSSTATE/>
      <TEMPGSTEWAYCONSSHIPTOSTATE/>
      <TEMPGSTEWAYTRANSPORTMODE/>
      <TEMPGSTEWAYDISTANCE>0</TEMPGSTEWAYDISTANCE>
      <TEMPGSTEWAYTRANSPORTERNAME/>
      <TEMPGSTEWAYVEHICLENUMBER/>
      <TEMPGSTEWAYTRANSPORTERID/>
      <TEMPGSTEWAYTRANSPORTERDOCNO/>
      <TEMPGSTEWAYTRANSPORTERDOCDATE/>
      <TEMPGSTEWAYVEHICLETYPE/>
      <TEMPGSTEWAYCONSBILLNUMBER/>
      <TEMPGSTEWAYCONSBILLDATE/>
      <TEMPISUSERDEFINEDCLASS/>
      <TEMPCLASSNATURE/>
      <TEMPGSTOVRDNINELIGIBLEITC/>
      <TEMPGSTOVRDNISREVCHARGEAPPL/>
      <TEMPGSTOVRDNTAXABILITY/>
      <TEMPGSTOVRDNISREVCHARGEAPPLSTR/>
      <TEMPGSTOVRDNINELIGIBLEITCSTR/>
      <TEMPGSTVCHDESTINATIONSTATE/>
      <TEMPGSTPARTYLEDLOCTYPE/>
      <TEMPGSTPARTYDEALERTYPE/>
      <TEMPGSTRISCOMMONPARTY/>
      <TEMPGSTRCOUNTRY/>
      <TEMPGSTRSTATE/>
      <TEMPGSTRTIN/>
      <TEMPGSTRDEALERTYPE/>
      <CURRGSTCOUNTRY/>
      <TEMPGSTSTATUS/>
      <IGNOREGSTRATECOPYDETAILS/>
      <IGNOREGSTHSNCOPYDETAILS/>
      <GSTBUYERNAME/>
      <GSTBUYERMAILINGNAME/>
      <GSTBUYERSTATE/>
      <GSTBUYERPINCODE/>
      <GSTBUYERGSTINREGTYPE/>
      <GSTBUYERGSTIN/>
      <GSTCONSIGNEENAME/>
      <GSTCONSIGNEEMAILINGNAME/>
      <GSTCONSIGNEESTATE/>
      <GSTCONSIGNEEPINCODE/>
      <GSTCONSIGNEEGSTIN/>
      <EWAYBILLDETAILS.LIST>      </EWAYBILLDETAILS.LIST>
      <EXCLUDEDTAXATIONS.LIST>      </EXCLUDEDTAXATIONS.LIST>
      <OLDAUDITENTRIES.LIST>      </OLDAUDITENTRIES.LIST>
      <ACCOUNTAUDITENTRIES.LIST>      </ACCOUNTAUDITENTRIES.LIST>
      <AUDITENTRIES.LIST>      </AUDITENTRIES.LIST>
      <DUTYHEADDETAILS.LIST>      </DUTYHEADDETAILS.LIST>
      <GSTADVADJDETAILS.LIST>      </GSTADVADJDETAILS.LIST>
      <ALLINVENTORYENTRIES.LIST>
       <ORIGINVOICEDATE/>
       <ORIGSALESINVDATE/>
       <DESCRIPTION/>
       <STOCKITEMNAME>Widget A</STOCKITEMNAME>
       <STATNATURENAME/>
       <EXCISECLASSIFICATIONNAME/>
       <ISZRBASICSERVICE/>
       <STRDGSTDERIVEDLOCATIONTYPE/>
       <STRDGSTDERIVEDTAXABILITY/>
       <STRDGSTDERIVEDNATURETYPE/>
       <STRDGSTDERIVEDSUPPLYTYPE/>
       <GSTOVRDNCLASSIFICATION/>
       <GSTOVRDNNATURE/>
       <GSTOVRDNINELIGIBLEITC/>
       <GSTOVRDNISREVCHARGEAPPL/>
       <GSTOVRDNTAXABILITY/>
       <GSTSOURCETYPE/>
       <GSTITEMSOURCE/>
       <GSTLEDGERSOURCE/>
       <GSTGROUPSOURCE/>
       <GSTSTOCKGROUPSOURCE/>
       <HSNSOURCETYPE/>
       <HSNITEMSOURCE/>
       <HSNLEDGERSOURCE/>
       <HSNGROUPSOURCE/>
       <HSNSTOCKGROUPSOURCE/>
       <GSTOVRDNSTOREDNATURE/>
       <GSTOVRDNTYPEOFSUPPLY/>
       <GSTRATEINFERAPPLICABILITY/>
       <GSTOVRDNNATUREOFGOODS/>
       <GSTHSNNAME/>
       <GSTHSNDESCRIPTION/>
       <GSTHSNINFERAPPLICABILITY/>
       <HSNOVRDNCLASSIFICATION/>
       <STRDGSTFINALNATUREOFENTRY/>
       <GSTDEPGSTCLASSIFICATION/>
       <GSTDEPHSNCLASSIFICATION/>
       <EXCISETARIFF/>
       <EXCISEEXEMPTION/>
       <TRADERCNSALESNUMBER/>
       <BASICPACKAGEMARKS/>
       <BASICNUMPACKAGES/>
       <SDTAXCLASSIFICATIONNAME/>
       <NATUREOFCOMPONENT/>
       <COMPONENTLISTTYPE/>
       <DISPLAYNATUREOFCOMPONENT/>
       <BOMNAME/>
       <ORIGINVOICENUMBER/>
       <ORIGINVOICEBOOKNAME/>
       <ORIGSALESINVNO/>
       <EXCISERETURNINVOICENO/>
       <REASONOFREJECTION/>
       <EXCISECREDITPARTY/>
       <EXCISECREDITSTKITEM/>
       <EXCISECREDITCATEGORY/>
       <TRADERSUPPLIERINVOICENO/>
       <EXCISESALESINVOICENO/>
       <GSTITEMUQC/>
       <GSTITEMUQCUOM/>
       <ADDLAMOUNT/>
       <ISDEEMEDPOSITIVE>Yes</ISDEEMEDPOSITIVE>
       <ISGSTASSESSABLEVALUEOVERRIDDEN>No</ISGSTASSESSABLEVALUEOVERRIDDEN>
       <STRDISGSTAPPLICABLE>No</STRDISGSTAPPLICABLE>
       <CONTENTNEGISPOS>No</CONTENTNEGISPOS>
       <ISLASTDEEMEDPOSITIVE>Yes</ISLASTDEEMEDPOSITIVE>
       <ISAUTONEGATE>No</ISAUTONEGATE>
       <ISCUSTOMSCLEARANCE>No</ISCUSTOMSCLEARANCE>
       <ISTRACKCOMPONENT>No</ISTRACKCOMPONENT>
       <ISTRACKPRODUCTION>No</ISTRACKPRODUCTION>
       <ISPRIMARYITEM>No</ISPRIMARYITEM>
       <ISSCRAP>No</ISSCRAP>
       <RATE>400.00/Nos</RATE>
       <DISCOUNT>0</DISCOUNT>
       <VATTAXRATE>0</VATTAXRATE>
       <ORIGINVGOODSQTY>0</ORIGINVGOODSQTY>
       <EXCISEMRPABATEMENT>0</EXCISEMRPABATEMENT>
       <ADDLCOSTPERC>0</ADDLCOSTPERC>
       <REVISEDRATEOFDUTY>0</REVISEDRATEOFDUTY>
       <ORIGRATEOFDUTY>0</ORIGRATEOFDUTY>
       <ORIGMRPABATEMENT>0</ORIGMRPABATEMENT>
       <EXCISERETURNDUTYRATE>0</EXCISERETURNDUTYRATE>
       <GVATEXCISERATE>0</GVATEXCISERATE>
       <AMOUNT>-20000.00</AMOUNT>
       <EXCISEASSESSABLEVALUE/>
       <CESSASSVALONCLASS/>
       <EIDISCOUNTAMT/>
       <VATASSESSABLEVALUE/>
       <VATWCDEDUCTAMT/>
       <WCTOTALDEDUCTIONAMT/>
       <ORIGINVGOODSVALUE/>
       <GSTOVRDNASSESSABLEVALUE/>
       <GSTASSBLVALUE/>
       <STRDCOMPUTEDASSESSABLEVALUE/>
       <STRDCOMPUTEDIGST/>
       <STRDCOMPUTEDCGST/>
       <STRDCOMPUTEDSGST/>
       <STRDCOMPUTEDCESS/>
       <STRDCOMPUTEDCESSONQTY/>
       <ORIGINVGOODSTAXVALUE/>
       <VATASSBLVALUE/>
       <VATACCEPTEDTAXAMT/>
       <VATACCEPTEDADDLTAXAMT/>
       <STRDAPPRSTATECESSGST/>
       <STRDAPPROPRIATEDDISCOUNT/>
       <STRDEXCISETAX/>
       <VATINPUTTAXCREDIT/>
       <VATELIGIBLECREDIT/>
       <GVATEXCISEAMT/>
       <ACTUALQTY> 50 Nos</ACTUALQTY>
       <BILLEDQTY> 50 Nos</BILLEDQTY>
       <ORIGACTUALQTY/>
       <ORIGBILLEDQTY/>
       <EXCISERETURNINVOICEQTY/>
       <USABLEQTY/>
       <EXCISECREDITPENDINGQTY/>
       <MRPRATE/>
       <EXCISEMRPRATE/>
       <ORIGRATE/>
       <REVISEDRATE/>
       <ESCALATIONRATE/>
       <ORIGMRPRATE/>
       <ORIGRATEOFQTY/>
       <REVISEDRATEOFQTY/>
       <INCLVATRATE/>
       <TEMPGSTCGSTRATE>0</TEMPGSTCGSTRATE>
       <TEMPGSTSGSTRATE>0</TEMPGSTSGSTRATE>
       <TEMPGSTIGSTRATE>0</TEMPGSTIGSTRATE>
       <TEMPGSTSTATECESSRATE>0</TEMPGSTSTATECESSRATE>
       <TEMPGSTCESSRATE>0</TEMPGSTCESSRATE>
       <TEMPGSTCESSQTYRATE>0</TEMPGSTCESSQTYRATE>
       <INCLUSIVETAXVALUE/>
       <ISINCLTAXRATEFIELDEDITED/>
       <TEMPGSTOVRDNINELIGIBLEITC/>
       <TEMPGSTOVRDNISREVCHARGEAPPL/>
       <TEMPGSTSOURCE/>
       <TEMPHSNSOURCE/>
       <ISACCEPTASIS/>
       <TEMPHSNEFFDATE/>
       <TEMPTAXRATEEFFDATE/>
       <ISSTOCKITEMEXIST/>
       <STOCKITEMACTQTY/>
       <TEMPISEXCISEITEMEXIST/>
       <ISEXCISEOVERRIDEDETAILS/>
       <ISALLOCATEDINACCT/>
       <PREVREVISEDRATEPER/>
       <PREVSTOCKITEMNAME/>
       <EXCISECREDITNOTENUMBER/>
       <ORIGCONSUMEQTY/>
       <TEMPSTKBOMQTY/>
       <TEMPRATE>0</TEMPRATE>
       <TEMPVATTRANSNATURE/>
       <TEMPVATCLSFNRATE>0</TEMPVATCLSFNRATE>
       <TEMPRBVATCLSTAXAMOUNT/>
       <TEMPPREVSTOCKITEMNAME/>
       <BATCHALLOCATIONS.LIST>
        <MFDON/>
        <ORDERYEAREND/>
        <TRACKINGYEAREND/>
        <ORDERPRECLOSUREDATE/>
        <NARRATION/>
        <GODOWNNAME>Main Location</GODOWNNAME>
        <BATCHNAME>Primary Batch</BATCHNAME>
        <DESTINATIONGODOWNNAME/>
        <INDENTNO>&#4; Not Applicable</INDENTNO>
        <ORDERTYPE/>
        <PARENTITEM/>
        <ORDERCLOSUREREASON/>
        <ORDERNO>&#4; Not Applicable</ORDERNO>
        <TRACKINGNUMBER>&#4; Not Applicable</TRACKINGNUMBER>
        <DYNAMICCSTNO/>
        <DYNAMICCSTPARENTITEM/>
        <SUMDYNAMICCSTNO/>
        <SUMBATCHNAME/>
        <SUMTRACKINGNUMBER/>
        <SUMORDERNO/>
        <SUMINDENTNO/>
        <ADDLAMOUNT/>
        <DYNAMICCSTISCLEARED>No</DYNAMICCSTISCLEARED>
        <AMOUNT>-20000.00</AMOUNT>
        <ADDLEXPENSEAMOUNT/>
        <BATCHDIFFVAL/>
        <ACTUALQTY> 50 Nos</ACTUALQTY>
        <BILLEDQTY> 50 Nos</BILLEDQTY>
        <ORDERPRECLOSUREQTY/>
        <ORIGACTUALQTY/>
        <ORIGBILLEDQTY/>
        <BATCHPHYSDIFF/>
        <ORIGRATE/>
        <REVISEDRATE/>
        <ESCALATIONRATE/>
        <INCLVATRATE/>
        <EXPIRYPERIOD/>
        <INDENTDUEDATE/>
        <ORDERDUEDATE/>
        <INCLUSIVETAXVALUE/>
        <ISPRECLOSED/>
        <BATCHALLOCBOMNAME/>
        <PREVBATCHALLOCBOMNAME/>
        <BOMALLOCACCEPTED/>
        <BATCHALLOCBOMBASEQTY/>
        <COSTTRACKID>0</COSTTRACKID>
        <ISINCLTAXRATEFIELDEDITED/>
        <ADDITIONALDETAILS.LIST>        </ADDITIONALDETAILS.LIST>
        <VOUCHERCOMPONENTLIST.LIST>        </VOUCHERCOMPONENTLIST.LIST>
       </BATCHALLOCATIONS.LIST>
       <ACCOUNTINGALLOCATIONS.LIST>
        <OLDAUDITENTRYIDS.LIST TYPE="Number">
         <OLDAUDITENTRYIDS>-1</OLDAUDITENTRYIDS>
        </OLDAUDITENTRYIDS.LIST>
        <ORIGPURCHINVDATE/>
        <NARRATION/>
        <ADDLALLOCTYPE/>
        <TAXCLASSIFICATIONNAME/>
        <APPROPRIATEFOR/>
        <GSTDUTYHEAD/>
        <GSTAPPROPRIATETO/>
        <NOTIFICATIONSLNO/>
        <EXCISEALLOCTYPE/>
        <SWIFTCODE/>
        <ROUNDTYPE/>
        <LEDGERNAME>Purchase Account</LEDGERNAME>
        <TAXUNITNAME/>
        <STATNATURENAME/>
        <GOODSTYPE/>
        <VATTRADENAME/>
        <METHODTYPE/>
        <CLASSRATE/>
        <STATCLASSIFICATIONNAME/>
        <EXCISECLASSIFICATIONNAME/>
        <ISZRBASICSERVICE/>
        <VATCOMMODITYNAME/>
        <SCHEDULE/>
        <SCHEDULESERIALNUMBER/>
        <VATCOMMODITYCODE/>
        <VATSUBCOMMODITYCODE/>
        <VATMAJORCOMMODITYNAME/>
        <STRDGSTDERIVEDLOCATIONTYPE/>
        <STRDGSTDERIVEDTAXABILITY/>
        <STRDGSTDERIVEDNATURETYPE/>
        <STRDGSTDERIVEDSUPPLYTYPE/>
        <TDSPARTYNAME/>
        <VATPARTYORGNAME/>
        <XBRLADJTYPE/>
        <VOUCHERFBTCATEGORY/>
        <TYPEOFTAXPAYMENT/>
        <VATCALCULATIONTYPE/>
        <VATWORKSCONTRACTTYPE/>
        <VATWCDESCRIPTION/>
        <GSTCLASS>&#4; Not Applicable</GSTCLASS>
        <SCHVIADJTYPE/>
        <GSTOVRDNCLASSIFICATION/>
        <GSTOVRDNNATURE/>
        <GSTOVRDNINELIGIBLEITC/>
        <GSTOVRDNISREVCHARGEAPPL/>
        <GSTOVRDNTAXABILITY/>
        <GSTHSNSACCODE/>
        <GSTSOURCETYPE/>
        <GSTITEMSOURCE/>
        <GSTLEDGERSOURCE/>
        <GSTGROUPSOURCE/>
        <GSTSTOCKGROUPSOURCE/>
        <HSNSOURCETYPE/>
        <HSNITEMSOURCE/>
        <HSNLEDGERSOURCE/>
        <HSNGROUPSOURCE/>
        <HSNSTOCKGROUPSOURCE/>
        <GSTOVRDNSTOREDNATURE/>
        <GSTOVRDNTYPEOFSUPPLY/>
        <GSTRATEINFERAPPLICABILITY/>
        <GSTOVRDNNATUREOFGOODS/>
        <GSTHSNNAME/>
        <GSTHSNDESCRIPTION/>
        <GSTHSNINFERAPPLICABILITY/>
        <HSNOVRDNCLASSIFICATION/>
        <STRDGSTFINALNATUREOFENTRY/>
        <STRDGSTDUTYHEAD/>
        <VATGOODSNATURE/>
        <GSTDEPGSTCLASSIFICATION/>
        <GSTDEPHSNCLASSIFICATION/>
        <POSPAYMENTTYPE/>
        <GSTPARTYLEDGER/>
        <ORIGPURCHPARTY/>
        <ORIGPURCHPARTYADDRESS/>
        <ORIGPURCHINVNO/>
        <ORIGPURCHNOTE/>
        <ISDEEMEDPOSITIVE>Yes</ISDEEMEDPOSITIVE>
        <LEDGERFROMITEM>No</LEDGERFROMITEM>
        <REMOVEZEROENTRIES>No</REMOVEZEROENTRIES>
        <ISPARTYLEDGER>No</ISPARTYLEDGER>
        <GSTOVERRIDDEN>No</GSTOVERRIDDEN>
        <ISGSTASSESSABLEVALUEOVERRIDDEN>No</ISGSTASSESSABLEVALUEOVERRIDDEN>
        <STRDISGSTAPPLICABLE>No</STRDISGSTAPPLICABLE>
        <STRDGSTISPARTYLEDGER>No</STRDGSTISPARTYLEDGER>
        <STRDGSTISDUTYLEDGER>No</STRDGSTISDUTYLEDGER>
        <CONTENTNEGISPOS>No</CONTENTNEGISPOS>
        <ISLASTDEEMEDPOSITIVE>Yes</ISLASTDEEMEDPOSITIVE>
        <ISCAPVATTAXALTERED>No</ISCAPVATTAXALTERED>
        <ISCAPVATNOTCLAIMED>No</ISCAPVATNOTCLAIMED>
        <STCRADJPERCENT>0</STCRADJPERCENT>
        <ROUNDLIMIT>0</ROUNDLIMIT>
        <RATEOFADDLVAT>0</RATEOFADDLVAT>
        <RATEOFCESSONVAT>0</RATEOFCESSONVAT>
        <VATTAXRATE>0</VATTAXRATE>
        <VATITEMQTY>0</VATITEMQTY>
        <VATWCDEDUCTRATE>0</VATWCDEDUCTRATE>
        <PREVINVTOTALNUM>0</PREVINVTOTALNUM>
        <VATWCDEDUCTIONRATE>0</VATWCDEDUCTIONRATE>
        <GSTTAXRATE>0</GSTTAXRATE>
        <ORIGINVGOODSQTY>0</ORIGINVGOODSQTY>
        <CAPVATTAXRATE>0</CAPVATTAXRATE>
        <AMOUNT>-20000.00</AMOUNT>
        <CESSASSVALONCLASS/>
        <ADDNLVATCLASSAMT/>
        <EIDISCOUNTAMT/>
        <FBTEXEMPTAMOUNT/>
        <VATASSESSABLEVALUE/>
        <VATWCCOSTOFLAND/>
        <VATWCDEDLABOURCHARGES/>
        <VATWCOTHERDEDUCTIONAMT/>
        <VATWCVALUEOFTAXFREEGOODS/>
        <VATWCOTHERCHARGES/>
        <VATWCSUBCONTRACTORAMT/>
        <VATWCDEDUCTAMT/>
        <WCTOTALDEDUCTIONAMT/>
        <PREVAMOUNT/>
        <PREVINVTOTALAMT/>
        <VATWCDEDUCTIONAMOUNT/>
        <ORIGINVGOODSVALUE/>
        <CENVATCAPTINPUTAMT/>
        <GSTASSESSABLEVALUE/>
        <IGSTLIABILITY/>
        <CGSTLIABILITY/>
        <SGSTLIABILITY/>
        <GSTCESSLIABILITY/>
        <GSTOVRDNASSESSABLEVALUE/>
        <GSTASSBLVALUE/>
        <STRDCOMPUTEDASSESSABLEVALUE/>
        <STRDCOMPUTEDIGST/>
        <STRDCOMPUTEDCGST/>
        <STRDCOMPUTEDSGST/>
        <STRDCOMPUTEDCESS/>
        <STRDCOMPUTEDCESSONQTY/>
        <ORIGINVGOODSTAXVALUE/>
        <VATWCESTABLISHMENTCOST/>
        <VATWCCONTRACTORPROFIT/>
        <VATWCPLANNINGDESIGNFEES/>
        <VATWCMACHINERYTOOLSCHARGES/>
        <VATWCCONSUMABLESCOST/>
        <VATEXPAMOUNT/>
        <VATASSBLVALUE/>
        <VATACCEPTEDTAXAMT/>
        <VATACCEPTEDADDLTAXAMT/>
        <CASHRECEIVED/>
        <CAPVATASSEABLEVALUE/>
        <CAPVATTAXVALUE/>
        <ORIGPURCHVALUE/>
        <SUPPLYMARGVAL/>
        <STRDAPPRSTATECESSGST/>
        <STRDAPPROPRIATEDDISCOUNT/>
        <STRDEXCISETAX/>
        <TEMPGSTCGSTRATE>0</TEMPGSTCGSTRATE>
        <TEMPGSTSGSTRATE>0</TEMPGSTSGSTRATE>
        <TEMPGSTIGSTRATE>0</TEMPGSTIGSTRATE>
        <TEMPGSTSTATECESSRATE>0</TEMPGSTSTATECESSRATE>
        <TEMPGSTCESSRATE>0</TEMPGSTCESSRATE>
        <TEMPGSTCESSQTYRATE>0</TEMPGSTCESSQTYRATE>
        <DENOMINATIONCOUNT2000X>0</DENOMINATIONCOUNT2000X>
        <DENOMINATIONCOUNT1000X>0</DENOMINATIONCOUNT1000X>
        <DENOMINATIONCOUNT500X>0</DENOMINATIONCOUNT500X>
        <DENOMINATIONCOUNT200X>0</DENOMINATIONCOUNT200X>
        <DENOMINATIONCOUNT100X>0</DENOMINATIONCOUNT100X>
        <DENOMINATIONCOUNT50X>0</DENOMINATIONCOUNT50X>
        <DENOMINATIONCOUNT20X>0</DENOMINATIONCOUNT20X>
        <DENOMINATIONCOUNT10X>0</DENOMINATIONCOUNT10X>
        <DENOMINATIONCOUNT5X>0</DENOMINATIONCOUNT5X>
        <DENOMINATIONCOUNT2X>0</DENOMINATIONCOUNT2X>
        <DENOMINATIONCOUNT1X>0</DENOMINATIONCOUNT1X>
        <DENOMINATIONAMOUNTOTHERS/>
        <CURRPARTYLEDGERNAME/>
        <TEMPVATCLASSIFICATION/>
        <TEMPGSTOVRDNINELIGIBLEITC/>
        <TEMPGSTOVRDNISREVCHARGEAPPL/>
        <TEMPGSTSOURCE/>
        <TEMPHSNSOURCE/>
        <TEMPTDSSECTIONNO/>
        <TEMPTDSNOP/>
        <TEMPTDSDEDNSTATUS/>
        <TEMPTDSRESSTATUS/>
        <TEMPTAXCHEQUENUMBER/>
        <TEMPTAXCHEQUEDATE/>
        <TEMPTAXBSRCODE/>
        <TEMPTAXCHALLANNUMBER/>
        <TEMPTAXCHALLANDATE/>
        <TEMPTAXBANKNAME/>
        <TEMPTAXBANKBRANCHNAME/>
        <ISACCEPTASIS/>
        <INVOICEROUNDINGDIFFVAL/>
        <VATGCCTAXAMOUNT/>
        <GSTCOMPDUTYAMOUNT/>
        <EXCISETEMPDUTYVAL/>
        <ISVATADJLEDGER/>
        <VATASSESMENTATE>0</VATASSESMENTATE>
        <GSTLEDGERDISCOUNT/>
        <GVATLEDGEREXCISE/>
        <GSTDUTYAMOUNT/>
        <RBVATTAXAMOUNT/>
        <SALESCESSTAXAMOUNT/>
        <TEMPHSNEFFDATE/>
        <TEMPTAXRATEEFFDATE/>
        <TEMPPREVLEDGERNAME/>
        <TEMPPREVINCLLEDNAME/>
        <SERVICETAXDETAILS.LIST>        </SERVICETAXDETAILS.LIST>
        <BANKALLOCATIONS.LIST>        </BANKALLOCATIONS.LIST>
        <BILLALLOCATIONS.LIST>        </BILLALLOCATIONS.LIST>
        <INTERESTCOLLECTION.LIST>        </INTERESTCOLLECTION.LIST>
        <OLDAUDITENTRIES.LIST>        </OLDAUDITENTRIES.LIST>
        <ACCOUNTAUDITENTRIES.LIST>        </ACCOUNTAUDITENTRIES.LIST>
        <AUDITENTRIES.LIST>        </AUDITENTRIES.LIST>
        <INPUTCRALLOCS.LIST>        </INPUTCRALLOCS.LIST>
        <DUTYHEADDETAILS.LIST>        </DUTYHEADDETAILS.LIST>
        <EXCISEDUTYHEADDETAILS.LIST>        </EXCISEDUTYHEADDETAILS.LIST>
        <RATEDETAILS.LIST>        </RATEDETAILS.LIST>
        <SUMMARYALLOCS.LIST>        </SUMMARYALLOCS.LIST>
        <CENVATDUTYALLOCATIONS.LIST>        </CENVATDUTYALLOCATIONS.LIST>
        <STPYMTDETAILS.LIST>        </STPYMTDETAILS.LIST>
        <EXCISEPAYMENTALLOCATIONS.LIST>        </EXCISEPAYMENTALLOCATIONS.LIST>
        <TAXBILLALLOCATIONS.LIST>        </TAXBILLALLOCATIONS.LIST>
        <TAXOBJECTALLOCATIONS.LIST>        </TAXOBJECTALLOCATIONS.LIST>
        <TDSEXPENSEALLOCATIONS.LIST>        </TDSEXPENSEALLOCATIONS.LIST>
        <VATSTATUTORYDETAILS.LIST>        </VATSTATUTORYDETAILS.LIST>
        <COSTTRACKALLOCATIONS.LIST>        </COSTTRACKALLOCATIONS.LIST>
        <REFVOUCHERDETAILS.LIST>        </REFVOUCHERDETAILS.LIST>
        <INVOICEWISEDETAILS.LIST>        </INVOICEWISEDETAILS.LIST>
        <VATITCDETAILS.LIST>        </VATITCDETAILS.LIST>
        <ADVANCETAXDETAILS.LIST>        </ADVANCETAXDETAILS.LIST>
        <TAXTYPEALLOCATIONS.LIST>        </TAXTYPEALLOCATIONS.LIST>
       </ACCOUNTINGALLOCATIONS.LIST>
       <DUTYHEADDETAILS.LIST>       </DUTYHEADDETAILS.LIST>
       <RATEDETAILS.LIST>       </RATEDETAILS.LIST>
       <SUPPLEMENTARYDUTYHEADDETAILS.LIST>       </SUPPLEMENTARYDUTYHEADDETAILS.LIST>
       <TAXOBJECTALLOCATIONS.LIST>       </TAXOBJECTALLOCATIONS.LIST>
       <REFVOUCHERDETAILS.LIST>       </REFVOUCHERDETAILS.LIST>
       <EXCISEALLOCATIONS.LIST>       </EXCISEALLOCATIONS.LIST>
       <EXPENSEALLOCATIONS.LIST>       </EXPENSEALLOCATIONS.LIST>
      </ALLINVENTORYENTRIES.LIST>
      <ALLINVENTORYENTRIES.LIST>
       <ORIGINVOICEDATE/>
       <ORIGSALESINVDATE/>
       <DESCRIPTION/>
       <STOCKITEMNAME>Widget B</STOCKITEMNAME>
       <STATNATURENAME/>
       <EXCISECLASSIFICATIONNAME/>
       <ISZRBASICSERVICE/>
       <STRDGSTDERIVEDLOCATIONTYPE/>
       <STRDGSTDERIVEDTAXABILITY/>
       <STRDGSTDERIVEDNATURETYPE/>
       <STRDGSTDERIVEDSUPPLYTYPE/>
       <GSTOVRDNCLASSIFICATION/>
       <GSTOVRDNNATURE/>
       <GSTOVRDNINELIGIBLEITC/>
       <GSTOVRDNISREVCHARGEAPPL/>
       <GSTOVRDNTAXABILITY/>
       <GSTSOURCETYPE/>
       <GSTITEMSOURCE/>
       <GSTLEDGERSOURCE/>
       <GSTGROUPSOURCE/>
       <GSTSTOCKGROUPSOURCE/>
       <HSNSOURCETYPE/>
       <HSNITEMSOURCE/>
       <HSNLEDGERSOURCE/>
       <HSNGROUPSOURCE/>
       <HSNSTOCKGROUPSOURCE/>
       <GSTOVRDNSTOREDNATURE/>
       <GSTOVRDNTYPEOFSUPPLY/>
       <GSTRATEINFERAPPLICABILITY/>
       <GSTOVRDNNATUREOFGOODS/>
       <GSTHSNNAME/>
       <GSTHSNDESCRIPTION/>
       <GSTHSNINFERAPPLICABILITY/>
       <HSNOVRDNCLASSIFICATION/>
       <STRDGSTFINALNATUREOFENTRY/>
       <GSTDEPGSTCLASSIFICATION/>
       <GSTDEPHSNCLASSIFICATION/>
       <EXCISETARIFF/>
       <EXCISEEXEMPTION/>
       <TRADERCNSALESNUMBER/>
       <BASICPACKAGEMARKS/>
       <BASICNUMPACKAGES/>
       <SDTAXCLASSIFICATIONNAME/>
       <NATUREOFCOMPONENT/>
       <COMPONENTLISTTYPE/>
       <DISPLAYNATUREOFCOMPONENT/>
       <BOMNAME/>
       <ORIGINVOICENUMBER/>
       <ORIGINVOICEBOOKNAME/>
       <ORIGSALESINVNO/>
       <EXCISERETURNINVOICENO/>
       <REASONOFREJECTION/>
       <EXCISECREDITPARTY/>
       <EXCISECREDITSTKITEM/>
       <EXCISECREDITCATEGORY/>
       <TRADERSUPPLIERINVOICENO/>
       <EXCISESALESINVOICENO/>
       <GSTITEMUQC/>
       <GSTITEMUQCUOM/>
       <ADDLAMOUNT/>
       <ISDEEMEDPOSITIVE>Yes</ISDEEMEDPOSITIVE>
       <ISGSTASSESSABLEVALUEOVERRIDDEN>No</ISGSTASSESSABLEVALUEOVERRIDDEN>
       <STRDISGSTAPPLICABLE>No</STRDISGSTAPPLICABLE>
       <CONTENTNEGISPOS>No</CONTENTNEGISPOS>
       <ISLASTDEEMEDPOSITIVE>Yes</ISLASTDEEMEDPOSITIVE>
       <ISAUTONEGATE>No</ISAUTONEGATE>
       <ISCUSTOMSCLEARANCE>No</ISCUSTOMSCLEARANCE>
       <ISTRACKCOMPONENT>No</ISTRACKCOMPONENT>
       <ISTRACKPRODUCTION>No</ISTRACKPRODUCTION>
       <ISPRIMARYITEM>No</ISPRIMARYITEM>
       <ISSCRAP>No</ISSCRAP>
       <RATE>900.00/Nos</RATE>
       <DISCOUNT>0</DISCOUNT>
       <VATTAXRATE>0</VATTAXRATE>
       <ORIGINVGOODSQTY>0</ORIGINVGOODSQTY>
       <EXCISEMRPABATEMENT>0</EXCISEMRPABATEMENT>
       <ADDLCOSTPERC>0</ADDLCOSTPERC>
       <REVISEDRATEOFDUTY>0</REVISEDRATEOFDUTY>
       <ORIGRATEOFDUTY>0</ORIGRATEOFDUTY>
       <ORIGMRPABATEMENT>0</ORIGMRPABATEMENT>
       <EXCISERETURNDUTYRATE>0</EXCISERETURNDUTYRATE>
       <GVATEXCISERATE>0</GVATEXCISERATE>
       <AMOUNT>-18000.00</AMOUNT>
       <EXCISEASSESSABLEVALUE/>
       <CESSASSVALONCLASS/>
       <EIDISCOUNTAMT/>
       <VATASSESSABLEVALUE/>
       <VATWCDEDUCTAMT/>
       <WCTOTALDEDUCTIONAMT/>
       <ORIGINVGOODSVALUE/>
       <GSTOVRDNASSESSABLEVALUE/>
       <GSTASSBLVALUE/>
       <STRDCOMPUTEDASSESSABLEVALUE/>
       <STRDCOMPUTEDIGST/>
       <STRDCOMPUTEDCGST/>
       <STRDCOMPUTEDSGST/>
       <STRDCOMPUTEDCESS/>
       <STRDCOMPUTEDCESSONQTY/>
       <ORIGINVGOODSTAXVALUE/>
       <VATASSBLVALUE/>
       <VATACCEPTEDTAXAMT/>
       <VATACCEPTEDADDLTAXAMT/>
       <STRDAPPRSTATECESSGST/>
       <STRDAPPROPRIATEDDISCOUNT/>
       <STRDEXCISETAX/>
       <VATINPUTTAXCREDIT/>
       <VATELIGIBLECREDIT/>
       <GVATEXCISEAMT/>
       <ACTUALQTY> 20 Nos</ACTUALQTY>
       <BILLEDQTY> 20 Nos</BILLEDQTY>
       <ORIGACTUALQTY/>
       <ORIGBILLEDQTY/>
       <EXCISERETURNINVOICEQTY/>
       <USABLEQTY/>
       <EXCISECREDITPENDINGQTY/>
       <MRPRATE/>
       <EXCISEMRPRATE/>
       <ORIGRATE/>
       <REVISEDRATE/>
       <ESCALATIONRATE/>
       <ORIGMRPRATE/>
       <ORIGRATEOFQTY/>
       <REVISEDRATEOFQTY/>
       <INCLVATRATE/>
       <TEMPGSTCGSTRATE>0</TEMPGSTCGSTRATE>
       <TEMPGSTSGSTRATE>0</TEMPGSTSGSTRATE>
       <TEMPGSTIGSTRATE>0</TEMPGSTIGSTRATE>
       <TEMPGSTSTATECESSRATE>0</TEMPGSTSTATECESSRATE>
       <TEMPGSTCESSRATE>0</TEMPGSTCESSRATE>
       <TEMPGSTCESSQTYRATE>0</TEMPGSTCESSQTYRATE>
       <INCLUSIVETAXVALUE/>
       <ISINCLTAXRATEFIELDEDITED/>
       <TEMPGSTOVRDNINELIGIBLEITC/>
       <TEMPGSTOVRDNISREVCHARGEAPPL/>
       <TEMPGSTSOURCE/>
       <TEMPHSNSOURCE/>
       <ISACCEPTASIS/>
       <TEMPHSNEFFDATE/>
       <TEMPTAXRATEEFFDATE/>
       <ISSTOCKITEMEXIST/>
       <STOCKITEMACTQTY/>
       <TEMPISEXCISEITEMEXIST/>
       <ISEXCISEOVERRIDEDETAILS/>
       <ISALLOCATEDINACCT/>
       <PREVREVISEDRATEPER/>
       <PREVSTOCKITEMNAME/>
       <EXCISECREDITNOTENUMBER/>
       <ORIGCONSUMEQTY/>
       <TEMPSTKBOMQTY/>
       <TEMPRATE>0</TEMPRATE>
       <TEMPVATTRANSNATURE/>
       <TEMPVATCLSFNRATE>0</TEMPVATCLSFNRATE>
       <TEMPRBVATCLSTAXAMOUNT/>
       <TEMPPREVSTOCKITEMNAME/>
       <BATCHALLOCATIONS.LIST>
        <MFDON/>
        <ORDERYEAREND/>
        <TRACKINGYEAREND/>
        <ORDERPRECLOSUREDATE/>
        <NARRATION/>
        <GODOWNNAME>Main Location</GODOWNNAME>
        <BATCHNAME>Primary Batch</BATCHNAME>
        <DESTINATIONGODOWNNAME/>
        <INDENTNO>&#4; Not Applicable</INDENTNO>
        <ORDERTYPE/>
        <PARENTITEM/>
        <ORDERCLOSUREREASON/>
        <ORDERNO>&#4; Not Applicable</ORDERNO>
        <TRACKINGNUMBER>&#4; Not Applicable</TRACKINGNUMBER>
        <DYNAMICCSTNO/>
        <DYNAMICCSTPARENTITEM/>
        <SUMDYNAMICCSTNO/>
        <SUMBATCHNAME/>
        <SUMTRACKINGNUMBER/>
        <SUMORDERNO/>
        <SUMINDENTNO/>
        <ADDLAMOUNT/>
        <DYNAMICCSTISCLEARED>No</DYNAMICCSTISCLEARED>
        <AMOUNT>-18000.00</AMOUNT>
        <ADDLEXPENSEAMOUNT/>
        <BATCHDIFFVAL/>
        <ACTUALQTY> 20 Nos</ACTUALQTY>
        <BILLEDQTY> 20 Nos</BILLEDQTY>
        <ORDERPRECLOSUREQTY/>
        <ORIGACTUALQTY/>
        <ORIGBILLEDQTY/>
        <BATCHPHYSDIFF/>
        <ORIGRATE/>
        <REVISEDRATE/>
        <ESCALATIONRATE/>
        <INCLVATRATE/>
        <EXPIRYPERIOD/>
        <INDENTDUEDATE/>
        <ORDERDUEDATE/>
        <INCLUSIVETAXVALUE/>
        <ISPRECLOSED/>
        <BATCHALLOCBOMNAME/>
        <PREVBATCHALLOCBOMNAME/>
        <BOMALLOCACCEPTED/>
        <BATCHALLOCBOMBASEQTY/>
        <COSTTRACKID>0</COSTTRACKID>
        <ISINCLTAXRATEFIELDEDITED/>
        <ADDITIONALDETAILS.LIST>        </ADDITIONALDETAILS.LIST>
        <VOUCHERCOMPONENTLIST.LIST>        </VOUCHERCOMPONENTLIST.LIST>
       </BATCHALLOCATIONS.LIST>
       <ACCOUNTINGALLOCATIONS.LIST>
        <OLDAUDITENTRYIDS.LIST TYPE="Number">
         <OLDAUDITENTRYIDS>-1</OLDAUDITENTRYIDS>
        </OLDAUDITENTRYIDS.LIST>
        <ORIGPURCHINVDATE/>
        <NARRATION/>
        <ADDLALLOCTYPE/>
        <TAXCLASSIFICATIONNAME/>
        <APPROPRIATEFOR/>
        <GSTDUTYHEAD/>
        <GSTAPPROPRIATETO/>
        <NOTIFICATIONSLNO/>
        <EXCISEALLOCTYPE/>
        <SWIFTCODE/>
        <ROUNDTYPE/>
        <LEDGERNAME>Purchase Account</LEDGERNAME>
        <TAXUNITNAME/>
        <STATNATURENAME/>
        <GOODSTYPE/>
        <VATTRADENAME/>
        <METHODTYPE/>
        <CLASSRATE/>
        <STATCLASSIFICATIONNAME/>
        <EXCISECLASSIFICATIONNAME/>
        <ISZRBASICSERVICE/>
        <VATCOMMODITYNAME/>
        <SCHEDULE/>
        <SCHEDULESERIALNUMBER/>
        <VATCOMMODITYCODE/>
        <VATSUBCOMMODITYCODE/>
        <VATMAJORCOMMODITYNAME/>
        <STRDGSTDERIVEDLOCATIONTYPE/>
        <STRDGSTDERIVEDTAXABILITY/>
        <STRDGSTDERIVEDNATURETYPE/>
        <STRDGSTDERIVEDSUPPLYTYPE/>
        <TDSPARTYNAME/>
        <VATPARTYORGNAME/>
        <XBRLADJTYPE/>
        <VOUCHERFBTCATEGORY/>
        <TYPEOFTAXPAYMENT/>
        <VATCALCULATIONTYPE/>
        <VATWORKSCONTRACTTYPE/>
        <VATWCDESCRIPTION/>
        <GSTCLASS>&#4; Not Applicable</GSTCLASS>
        <SCHVIADJTYPE/>
        <GSTOVRDNCLASSIFICATION/>
        <GSTOVRDNNATURE/>
        <GSTOVRDNINELIGIBLEITC/>
        <GSTOVRDNISREVCHARGEAPPL/>
        <GSTOVRDNTAXABILITY/>
        <GSTHSNSACCODE/>
        <GSTSOURCETYPE/>
        <GSTITEMSOURCE/>
        <GSTLEDGERSOURCE/>
        <GSTGROUPSOURCE/>
        <GSTSTOCKGROUPSOURCE/>
        <HSNSOURCETYPE/>
        <HSNITEMSOURCE/>
        <HSNLEDGERSOURCE/>
        <HSNGROUPSOURCE/>
        <HSNSTOCKGROUPSOURCE/>
        <GSTOVRDNSTOREDNATURE/>
        <GSTOVRDNTYPEOFSUPPLY/>
        <GSTRATEINFERAPPLICABILITY/>
        <GSTOVRDNNATUREOFGOODS/>
        <GSTHSNNAME/>
        <GSTHSNDESCRIPTION/>
        <GSTHSNINFERAPPLICABILITY/>
        <HSNOVRDNCLASSIFICATION/>
        <STRDGSTFINALNATUREOFENTRY/>
        <STRDGSTDUTYHEAD/>
        <VATGOODSNATURE/>
        <GSTDEPGSTCLASSIFICATION/>
        <GSTDEPHSNCLASSIFICATION/>
        <POSPAYMENTTYPE/>
        <GSTPARTYLEDGER/>
        <ORIGPURCHPARTY/>
        <ORIGPURCHPARTYADDRESS/>
        <ORIGPURCHINVNO/>
        <ORIGPURCHNOTE/>
        <ISDEEMEDPOSITIVE>Yes</ISDEEMEDPOSITIVE>
        <LEDGERFROMITEM>No</LEDGERFROMITEM>
        <REMOVEZEROENTRIES>No</REMOVEZEROENTRIES>
        <ISPARTYLEDGER>No</ISPARTYLEDGER>
        <GSTOVERRIDDEN>No</GSTOVERRIDDEN>
        <ISGSTASSESSABLEVALUEOVERRIDDEN>No</ISGSTASSESSABLEVALUEOVERRIDDEN>
        <STRDISGSTAPPLICABLE>No</STRDISGSTAPPLICABLE>
        <STRDGSTISPARTYLEDGER>No</STRDGSTISPARTYLEDGER>
        <STRDGSTISDUTYLEDGER>No</STRDGSTISDUTYLEDGER>
        <CONTENTNEGISPOS>No</CONTENTNEGISPOS>
        <ISLASTDEEMEDPOSITIVE>Yes</ISLASTDEEMEDPOSITIVE>
        <ISCAPVATTAXALTERED>No</ISCAPVATTAXALTERED>
        <ISCAPVATNOTCLAIMED>No</ISCAPVATNOTCLAIMED>
        <STCRADJPERCENT>0</STCRADJPERCENT>
        <ROUNDLIMIT>0</ROUNDLIMIT>
        <RATEOFADDLVAT>0</RATEOFADDLVAT>
        <RATEOFCESSONVAT>0</RATEOFCESSONVAT>
        <VATTAXRATE>0</VATTAXRATE>
        <VATITEMQTY>0</VATITEMQTY>
        <VATWCDEDUCTRATE>0</VATWCDEDUCTRATE>
        <PREVINVTOTALNUM>0</PREVINVTOTALNUM>
        <VATWCDEDUCTIONRATE>0</VATWCDEDUCTIONRATE>
        <GSTTAXRATE>0</GSTTAXRATE>
        <ORIGINVGOODSQTY>0</ORIGINVGOODSQTY>
        <CAPVATTAXRATE>0</CAPVATTAXRATE>
        <AMOUNT>-18000.00</AMOUNT>
        <CESSASSVALONCLASS/>
        <ADDNLVATCLASSAMT/>
        <EIDISCOUNTAMT/>
        <FBTEXEMPTAMOUNT/>
        <VATASSESSABLEVALUE/>
        <VATWCCOSTOFLAND/>
        <VATWCDEDLABOURCHARGES/>
        <VATWCOTHERDEDUCTIONAMT/>
        <VATWCVALUEOFTAXFREEGOODS/>
        <VATWCOTHERCHARGES/>
        <VATWCSUBCONTRACTORAMT/>
        <VATWCDEDUCTAMT/>
        <WCTOTALDEDUCTIONAMT/>
        <PREVAMOUNT/>
        <PREVINVTOTALAMT/>
        <VATWCDEDUCTIONAMOUNT/>
        <ORIGINVGOODSVALUE/>
        <CENVATCAPTINPUTAMT/>
        <GSTASSESSABLEVALUE/>
        <IGSTLIABILITY/>
        <CGSTLIABILITY/>
        <SGSTLIABILITY/>
        <GSTCESSLIABILITY/>
        <GSTOVRDNASSESSABLEVALUE/>
        <GSTASSBLVALUE/>
        <STRDCOMPUTEDASSESSABLEVALUE/>
        <STRDCOMPUTEDIGST/>
        <STRDCOMPUTEDCGST/>
        <STRDCOMPUTEDSGST/>
        <STRDCOMPUTEDCESS/>
        <STRDCOMPUTEDCESSONQTY/>
        <ORIGINVGOODSTAXVALUE/>
        <VATWCESTABLISHMENTCOST/>
        <VATWCCONTRACTORPROFIT/>
        <VATWCPLANNINGDESIGNFEES/>
        <VATWCMACHINERYTOOLSCHARGES/>
        <VATWCCONSUMABLESCOST/>
        <VATEXPAMOUNT/>
        <VATASSBLVALUE/>
        <VATACCEPTEDTAXAMT/>
        <VATACCEPTEDADDLTAXAMT/>
        <CASHRECEIVED/>
        <CAPVATASSEABLEVALUE/>
        <CAPVATTAXVALUE/>
        <ORIGPURCHVALUE/>
        <SUPPLYMARGVAL/>
        <STRDAPPRSTATECESSGST/>
        <STRDAPPROPRIATEDDISCOUNT/>
        <STRDEXCISETAX/>
        <TEMPGSTCGSTRATE>0</TEMPGSTCGSTRATE>
        <TEMPGSTSGSTRATE>0</TEMPGSTSGSTRATE>
        <TEMPGSTIGSTRATE>0</TEMPGSTIGSTRATE>
        <TEMPGSTSTATECESSRATE>0</TEMPGSTSTATECESSRATE>
        <TEMPGSTCESSRATE>0</TEMPGSTCESSRATE>
        <TEMPGSTCESSQTYRATE>0</TEMPGSTCESSQTYRATE>
        <DENOMINATIONCOUNT2000X>0</DENOMINATIONCOUNT2000X>
        <DENOMINATIONCOUNT1000X>0</DENOMINATIONCOUNT1000X>
        <DENOMINATIONCOUNT500X>0</DENOMINATIONCOUNT500X>
        <DENOMINATIONCOUNT200X>0</DENOMINATIONCOUNT200X>
        <DENOMINATIONCOUNT100X>0</DENOMINATIONCOUNT100X>
        <DENOMINATIONCOUNT50X>0</DENOMINATIONCOUNT50X>
        <DENOMINATIONCOUNT20X>0</DENOMINATIONCOUNT20X>
        <DENOMINATIONCOUNT10X>0</DENOMINATIONCOUNT10X>
        <DENOMINATIONCOUNT5X>0</DENOMINATIONCOUNT5X>
        <DENOMINATIONCOUNT2X>0</DENOMINATIONCOUNT2X>
        <DENOMINATIONCOUNT1X>0</DENOMINATIONCOUNT1X>
        <DENOMINATIONAMOUNTOTHERS/>
        <CURRPARTYLEDGERNAME/>
        <TEMPVATCLASSIFICATION/>
        <TEMPGSTOVRDNINELIGIBLEITC/>
        <TEMPGSTOVRDNISREVCHARGEAPPL/>
        <TEMPGSTSOURCE/>
        <TEMPHSNSOURCE/>
        <TEMPTDSSECTIONNO/>
        <TEMPTDSNOP/>
        <TEMPTDSDEDNSTATUS/>
        <TEMPTDSRESSTATUS/>
        <TEMPTAXCHEQUENUMBER/>
        <TEMPTAXCHEQUEDATE/>
        <TEMPTAXBSRCODE/>
        <TEMPTAXCHALLANNUMBER/>
        <TEMPTAXCHALLANDATE/>
        <TEMPTAXBANKNAME/>
        <TEMPTAXBANKBRANCHNAME/>
        <ISACCEPTASIS/>
        <INVOICEROUNDINGDIFFVAL/>
        <VATGCCTAXAMOUNT/>
        <GSTCOMPDUTYAMOUNT/>
        <EXCISETEMPDUTYVAL/>
        <ISVATADJLEDGER/>
        <VATASSESMENTATE>0</VATASSESMENTATE>
        <GSTLEDGERDISCOUNT/>
        <GVATLEDGEREXCISE/>
        <GSTDUTYAMOUNT/>
        <RBVATTAXAMOUNT/>
        <SALESCESSTAXAMOUNT/>
        <TEMPHSNEFFDATE/>
        <TEMPTAXRATEEFFDATE/>
        <TEMPPREVLEDGERNAME/>
        <TEMPPREVINCLLEDNAME/>
        <SERVICETAXDETAILS.LIST>        </SERVICETAXDETAILS.LIST>
        <BANKALLOCATIONS.LIST>        </BANKALLOCATIONS.LIST>
        <BILLALLOCATIONS.LIST>        </BILLALLOCATIONS.LIST>
        <INTERESTCOLLECTION.LIST>        </INTERESTCOLLECTION.LIST>
        <OLDAUDITENTRIES.LIST>        </OLDAUDITENTRIES.LIST>
        <ACCOUNTAUDITENTRIES.LIST>        </ACCOUNTAUDITENTRIES.LIST>
        <AUDITENTRIES.LIST>        </AUDITENTRIES.LIST>
        <INPUTCRALLOCS.LIST>        </INPUTCRALLOCS.LIST>
        <DUTYHEADDETAILS.LIST>        </DUTYHEADDETAILS.LIST>
        <EXCISEDUTYHEADDETAILS.LIST>        </EXCISEDUTYHEADDETAILS.LIST>
        <RATEDETAILS.LIST>        </RATEDETAILS.LIST>
        <SUMMARYALLOCS.LIST>        </SUMMARYALLOCS.LIST>
        <CENVATDUTYALLOCATIONS.LIST>        </CENVATDUTYALLOCATIONS.LIST>
        <STPYMTDETAILS.LIST>        </STPYMTDETAILS.LIST>
        <EXCISEPAYMENTALLOCATIONS.LIST>        </EXCISEPAYMENTALLOCATIONS.LIST>
        <TAXBILLALLOCATIONS.LIST>        </TAXBILLALLOCATIONS.LIST>
        <TAXOBJECTALLOCATIONS.LIST>        </TAXOBJECTALLOCATIONS.LIST>
        <TDSEXPENSEALLOCATIONS.LIST>        </TDSEXPENSEALLOCATIONS.LIST>
        <VATSTATUTORYDETAILS.LIST>        </VATSTATUTORYDETAILS.LIST>
        <COSTTRACKALLOCATIONS.LIST>        </COSTTRACKALLOCATIONS.LIST>
        <REFVOUCHERDETAILS.LIST>        </REFVOUCHERDETAILS.LIST>
        <INVOICEWISEDETAILS.LIST>        </INVOICEWISEDETAILS.LIST>
        <VATITCDETAILS.LIST>        </VATITCDETAILS.LIST>
        <ADVANCETAXDETAILS.LIST>        </ADVANCETAXDETAILS.LIST>
        <TAXTYPEALLOCATIONS.LIST>        </TAXTYPEALLOCATIONS.LIST>
       </ACCOUNTINGALLOCATIONS.LIST>
       <DUTYHEADDETAILS.LIST>       </DUTYHEADDETAILS.LIST>
       <RATEDETAILS.LIST>       </RATEDETAILS.LIST>
       <SUPPLEMENTARYDUTYHEADDETAILS.LIST>       </SUPPLEMENTARYDUTYHEADDETAILS.LIST>
       <TAXOBJECTALLOCATIONS.LIST>       </TAXOBJECTALLOCATIONS.LIST>
       <REFVOUCHERDETAILS.LIST>       </REFVOUCHERDETAILS.LIST>
       <EXCISEALLOCATIONS.LIST>       </EXCISEALLOCATIONS.LIST>
       <EXPENSEALLOCATIONS.LIST>       </EXPENSEALLOCATIONS.LIST>
      </ALLINVENTORYENTRIES.LIST>
      <CONTRITRANS.LIST>      </CONTRITRANS.LIST>
      <EWAYBILLERRORLIST.LIST>      </EWAYBILLERRORLIST.LIST>
      <IRNERRORLIST.LIST>      </IRNERRORLIST.LIST>
      <HARYANAVAT.LIST>      </HARYANAVAT.LIST>
      <SUPPLEMENTARYDUTYHEADDETAILS.LIST>      </SUPPLEMENTARYDUTYHEADDETAILS.LIST>
      <INVOICEDELNOTES.LIST>      </INVOICEDELNOTES.LIST>
      <INVOICEORDERLIST.LIST>      </INVOICEORDERLIST.LIST>
      <INVOICEINDENTLIST.LIST>      </INVOICEINDENTLIST.LIST>
      <ATTENDANCEENTRIES.LIST>      </ATTENDANCEENTRIES.LIST>
      <ORIGINVOICEDETAILS.LIST>      </ORIGINVOICEDETAILS.LIST>
      <INVOICEEXPORTLIST.LIST>      </INVOICEEXPORTLIST.LIST>
      <LEDGERENTRIES.LIST>
       <OLDAUDITENTRYIDS.LIST TYPE="Number">
        <OLDAUDITENTRYIDS>-1</OLDAUDITENTRYIDS>
       </OLDAUDITENTRYIDS.LIST>
       <ORIGPURCHINVDATE/>
       <NARRATION/>
       <ADDLALLOCTYPE/>
       <TAXCLASSIFICATIONNAME/>
       <APPROPRIATEFOR/>
       <GSTDUTYHEAD/>
       <GSTAPPROPRIATETO/>
       <NOTIFICATIONSLNO/>
       <EXCISEALLOCTYPE/>
       <SWIFTCODE/>
       <ROUNDTYPE/>
       <LEDGERNAME>Mumbai Suppliers</LEDGERNAME>
       <TAXUNITNAME/>
       <STATNATURENAME/>
       <GOODSTYPE/>
       <VATTRADENAME/>
       <METHODTYPE/>
       <CLASSRATE/>
       <STATCLASSIFICATIONNAME/>
       <EXCISECLASSIFICATIONNAME/>
       <ISZRBASICSERVICE/>
       <VATCOMMODITYNAME/>
       <SCHEDULE/>
       <SCHEDULESERIALNUMBER/>
       <VATCOMMODITYCODE/>
       <VATSUBCOMMODITYCODE/>
       <VATMAJORCOMMODITYNAME/>
       <STRDGSTDERIVEDLOCATIONTYPE/>
       <STRDGSTDERIVEDTAXABILITY/>
       <STRDGSTDERIVEDNATURETYPE/>
       <STRDGSTDERIVEDSUPPLYTYPE/>
       <TDSPARTYNAME/>
       <VATPARTYORGNAME/>
       <XBRLADJTYPE/>
       <VOUCHERFBTCATEGORY/>
       <TYPEOFTAXPAYMENT/>
       <VATCALCULATIONTYPE/>
       <VATWORKSCONTRACTTYPE/>
       <VATWCDESCRIPTION/>
       <GSTCLASS>&#4; Not Applicable</GSTCLASS>
       <SCHVIADJTYPE/>
       <GSTOVRDNCLASSIFICATION/>
       <GSTOVRDNNATURE/>
       <GSTOVRDNINELIGIBLEITC/>
       <GSTOVRDNISREVCHARGEAPPL/>
       <GSTOVRDNTAXABILITY/>
       <GSTHSNSACCODE/>
       <GSTSOURCETYPE/>
       <GSTITEMSOURCE/>
       <GSTLEDGERSOURCE/>
       <GSTGROUPSOURCE/>
       <GSTSTOCKGROUPSOURCE/>
       <HSNSOURCETYPE/>
       <HSNITEMSOURCE/>
       <HSNLEDGERSOURCE/>
       <HSNGROUPSOURCE/>
       <HSNSTOCKGROUPSOURCE/>
       <GSTOVRDNSTOREDNATURE/>
       <GSTOVRDNTYPEOFSUPPLY/>
       <GSTRATEINFERAPPLICABILITY/>
       <GSTOVRDNNATUREOFGOODS/>
       <GSTHSNNAME/>
       <GSTHSNDESCRIPTION/>
       <GSTHSNINFERAPPLICABILITY/>
       <HSNOVRDNCLASSIFICATION/>
       <STRDGSTFINALNATUREOFENTRY/>
       <STRDGSTDUTYHEAD/>
       <VATGOODSNATURE/>
       <GSTDEPGSTCLASSIFICATION/>
       <GSTDEPHSNCLASSIFICATION/>
       <POSPAYMENTTYPE/>
       <GSTPARTYLEDGER/>
       <ORIGPURCHPARTY/>
       <ORIGPURCHPARTYADDRESS/>
       <ORIGPURCHINVNO/>
       <ORIGPURCHNOTE/>
       <ISDEEMEDPOSITIVE>No</ISDEEMEDPOSITIVE>
       <LEDGERFROMITEM>No</LEDGERFROMITEM>
       <REMOVEZEROENTRIES>No</REMOVEZEROENTRIES>
       <ISPARTYLEDGER>Yes</ISPARTYLEDGER>
       <GSTOVERRIDDEN>No</GSTOVERRIDDEN>
       <ISGSTASSESSABLEVALUEOVERRIDDEN>No</ISGSTASSESSABLEVALUEOVERRIDDEN>
       <STRDISGSTAPPLICABLE>No</STRDISGSTAPPLICABLE>
       <STRDGSTISPARTYLEDGER>No</STRDGSTISPARTYLEDGER>
       <STRDGSTISDUTYLEDGER>No</STRDGSTISDUTYLEDGER>
       <CONTENTNEGISPOS>No</CONTENTNEGISPOS>
       <ISLASTDEEMEDPOSITIVE>No</ISLASTDEEMEDPOSITIVE>
       <ISCAPVATTAXALTERED>No</ISCAPVATTAXALTERED>
       <ISCAPVATNOTCLAIMED>No</ISCAPVATNOTCLAIMED>
       <STCRADJPERCENT>0</STCRADJPERCENT>
       <ROUNDLIMIT>0</ROUNDLIMIT>
       <RATEOFADDLVAT>0</RATEOFADDLVAT>
       <RATEOFCESSONVAT>0</RATEOFCESSONVAT>
       <VATTAXRATE>0</VATTAXRATE>
       <VATITEMQTY>0</VATITEMQTY>
       <VATWCDEDUCTRATE>0</VATWCDEDUCTRATE>
       <PREVINVTOTALNUM>0</PREVINVTOTALNUM>
       <VATWCDEDUCTIONRATE>0</VATWCDEDUCTIONRATE>
       <GSTTAXRATE>0</GSTTAXRATE>
       <ORIGINVGOODSQTY>0</ORIGINVGOODSQTY>
       <CAPVATTAXRATE>0</CAPVATTAXRATE>
       <AMOUNT>38000.00</AMOUNT>
       <CESSASSVALONCLASS/>
       <ADDNLVATCLASSAMT/>
       <EIDISCOUNTAMT/>
       <FBTEXEMPTAMOUNT/>
       <VATASSESSABLEVALUE/>
       <VATWCCOSTOFLAND/>
       <VATWCDEDLABOURCHARGES/>
       <VATWCOTHERDEDUCTIONAMT/>
       <VATWCVALUEOFTAXFREEGOODS/>
       <VATWCOTHERCHARGES/>
       <VATWCSUBCONTRACTORAMT/>
       <VATWCDEDUCTAMT/>
       <WCTOTALDEDUCTIONAMT/>
       <PREVAMOUNT/>
       <PREVINVTOTALAMT/>
       <VATWCDEDUCTIONAMOUNT/>
       <ORIGINVGOODSVALUE/>
       <CENVATCAPTINPUTAMT/>
       <GSTASSESSABLEVALUE/>
       <IGSTLIABILITY/>
       <CGSTLIABILITY/>
       <SGSTLIABILITY/>
       <GSTCESSLIABILITY/>
       <GSTOVRDNASSESSABLEVALUE/>
       <GSTASSBLVALUE/>
       <STRDCOMPUTEDASSESSABLEVALUE/>
       <STRDCOMPUTEDIGST/>
       <STRDCOMPUTEDCGST/>
       <STRDCOMPUTEDSGST/>
       <STRDCOMPUTEDCESS/>
       <STRDCOMPUTEDCESSONQTY/>
       <ORIGINVGOODSTAXVALUE/>
       <VATWCESTABLISHMENTCOST/>
       <VATWCCONTRACTORPROFIT/>
       <VATWCPLANNINGDESIGNFEES/>
       <VATWCMACHINERYTOOLSCHARGES/>
       <VATWCCONSUMABLESCOST/>
       <VATEXPAMOUNT/>
       <VATASSBLVALUE/>
       <VATACCEPTEDTAXAMT/>
       <VATACCEPTEDADDLTAXAMT/>
       <CASHRECEIVED/>
       <CAPVATASSEABLEVALUE/>
       <CAPVATTAXVALUE/>
       <ORIGPURCHVALUE/>
       <SUPPLYMARGVAL/>
       <STRDAPPRSTATECESSGST/>
       <STRDAPPROPRIATEDDISCOUNT/>
       <STRDEXCISETAX/>
       <TEMPGSTCGSTRATE>0</TEMPGSTCGSTRATE>
       <TEMPGSTSGSTRATE>0</TEMPGSTSGSTRATE>
       <TEMPGSTIGSTRATE>0</TEMPGSTIGSTRATE>
       <TEMPGSTSTATECESSRATE>0</TEMPGSTSTATECESSRATE>
       <TEMPGSTCESSRATE>0</TEMPGSTCESSRATE>
       <TEMPGSTCESSQTYRATE>0</TEMPGSTCESSQTYRATE>
       <DENOMINATIONCOUNT2000X>0</DENOMINATIONCOUNT2000X>
       <DENOMINATIONCOUNT1000X>0</DENOMINATIONCOUNT1000X>
       <DENOMINATIONCOUNT500X>0</DENOMINATIONCOUNT500X>
       <DENOMINATIONCOUNT200X>0</DENOMINATIONCOUNT200X>
       <DENOMINATIONCOUNT100X>0</DENOMINATIONCOUNT100X>
       <DENOMINATIONCOUNT50X>0</DENOMINATIONCOUNT50X>
       <DENOMINATIONCOUNT20X>0</DENOMINATIONCOUNT20X>
       <DENOMINATIONCOUNT10X>0</DENOMINATIONCOUNT10X>
       <DENOMINATIONCOUNT5X>0</DENOMINATIONCOUNT5X>
       <DENOMINATIONCOUNT2X>0</DENOMINATIONCOUNT2X>
       <DENOMINATIONCOUNT1X>0</DENOMINATIONCOUNT1X>
       <DENOMINATIONAMOUNTOTHERS/>
       <CURRPARTYLEDGERNAME/>
       <TEMPVATCLASSIFICATION/>
       <TEMPGSTOVRDNINELIGIBLEITC/>
       <TEMPGSTOVRDNISREVCHARGEAPPL/>
       <TEMPGSTSOURCE/>
       <TEMPHSNSOURCE/>
       <TEMPTDSSECTIONNO/>
       <TEMPTDSNOP/>
       <TEMPTDSDEDNSTATUS/>
       <TEMPTDSRESSTATUS/>
       <TEMPTAXCHEQUENUMBER/>
       <TEMPTAXCHEQUEDATE/>
       <TEMPTAXBSRCODE/>
       <TEMPTAXCHALLANNUMBER/>
       <TEMPTAXCHALLANDATE/>
       <TEMPTAXBANKNAME/>
       <TEMPTAXBANKBRANCHNAME/>
       <ISACCEPTASIS/>
       <INVOICEROUNDINGDIFFVAL/>
       <VATGCCTAXAMOUNT/>
       <GSTCOMPDUTYAMOUNT/>
       <EXCISETEMPDUTYVAL/>
       <ISVATADJLEDGER/>
       <VATASSESMENTATE>0</VATASSESMENTATE>
       <GSTLEDGERDISCOUNT/>
       <GVATLEDGEREXCISE/>
       <GSTDUTYAMOUNT/>
       <RBVATTAXAMOUNT/>
       <SALESCESSTAXAMOUNT/>
       <TEMPHSNEFFDATE/>
       <TEMPTAXRATEEFFDATE/>
       <TEMPPREVLEDGERNAME/>
       <TEMPPREVINCLLEDNAME/>
       <SERVICETAXDETAILS.LIST>       </SERVICETAXDETAILS.LIST>
       <BANKALLOCATIONS.LIST>       </BANKALLOCATIONS.LIST>
       <BILLALLOCATIONS.LIST>
        <YEAREND/>
        <NAME>Pur-001</NAME>
        <BILLCREDITPERIOD/>
        <TDSDEDUCTEESECTIONNUMBER/>
        <TDSLEDGERNC/>
        <SERVICETAXLEDGER/>
        <BILLTYPE>New Ref</BILLTYPE>
        <SUMNAME/>
        <TDSDEDUCTEEISSPECIALRATE>No</TDSDEDUCTEEISSPECIALRATE>
        <TDSDEDUCTEESPECIALRATE>0</TDSDEDUCTEESPECIALRATE>
        <AMOUNT>38000.00</AMOUNT>
        <INTERESTCOLLECTION.LIST>        </INTERESTCOLLECTION.LIST>
        <STBILLCATEGORIES.LIST>        </STBILLCATEGORIES.LIST>
       </BILLALLOCATIONS.LIST>
       <INTERESTCOLLECTION.LIST>       </INTERESTCOLLECTION.LIST>
       <OLDAUDITENTRIES.LIST>       </OLDAUDITENTRIES.LIST>
       <ACCOUNTAUDITENTRIES.LIST>       </ACCOUNTAUDITENTRIES.LIST>
       <AUDITENTRIES.LIST>       </AUDITENTRIES.LIST>
       <INPUTCRALLOCS.LIST>       </INPUTCRALLOCS.LIST>
       <DUTYHEADDETAILS.LIST>       </DUTYHEADDETAILS.LIST>
       <EXCISEDUTYHEADDETAILS.LIST>       </EXCISEDUTYHEADDETAILS.LIST>
       <RATEDETAILS.LIST>       </RATEDETAILS.LIST>
       <SUMMARYALLOCS.LIST>       </SUMMARYALLOCS.LIST>
       <CENVATDUTYALLOCATIONS.LIST>       </CENVATDUTYALLOCATIONS.LIST>
       <STPYMTDETAILS.LIST>       </STPYMTDETAILS.LIST>
       <EXCISEPAYMENTALLOCATIONS.LIST>       </EXCISEPAYMENTALLOCATIONS.LIST>
       <TAXBILLALLOCATIONS.LIST>       </TAXBILLALLOCATIONS.LIST>
       <TAXOBJECTALLOCATIONS.LIST>       </TAXOBJECTALLOCATIONS.LIST>
       <TDSEXPENSEALLOCATIONS.LIST>       </TDSEXPENSEALLOCATIONS.LIST>
       <VATSTATUTORYDETAILS.LIST>       </VATSTATUTORYDETAILS.LIST>
       <COSTTRACKALLOCATIONS.LIST>       </COSTTRACKALLOCATIONS.LIST>
       <REFVOUCHERDETAILS.LIST>       </REFVOUCHERDETAILS.LIST>
       <INVOICEWISEDETAILS.LIST>       </INVOICEWISEDETAILS.LIST>
       <VATITCDETAILS.LIST>       </VATITCDETAILS.LIST>
       <ADVANCETAXDETAILS.LIST>       </ADVANCETAXDETAILS.LIST>
       <TAXTYPEALLOCATIONS.LIST>       </TAXTYPEALLOCATIONS.LIST>
      </LEDGERENTRIES.LIST>
      <GST.LIST>      </GST.LIST>
      <STKJRNLADDLCOSTDETAILS.LIST>      </STKJRNLADDLCOSTDETAILS.LIST>
      <PAYROLLMODEOFPAYMENT.LIST>      </PAYROLLMODEOFPAYMENT.LIST>
      <ATTDRECORDS.LIST>      </ATTDRECORDS.LIST>
      <GSTEWAYCONSIGNORADDRESS.LIST>      </GSTEWAYCONSIGNORADDRESS.LIST>
      <GSTEWAYCONSIGNEEADDRESS.LIST>      </GSTEWAYCONSIGNEEADDRESS.LIST>
      <TEMPGSTRATEDETAILS.LIST>      </TEMPGSTRATEDETAILS.LIST>
      <TEMPGSTADVADJUSTED.LIST>      </TEMPGSTADVADJUSTED.LIST>
      <GSTBUYERADDRESS.LIST>      </GSTBUYERADDRESS.LIST>
      <GSTCONSIGNEEADDRESS.LIST>      </GSTCONSIGNEEADDRESS.LIST>
     </VOUCHER>
    </TALLYMESSAGE>
    <TALLYMESSAGE xmlns:UDF="TallyUDF">
     <VOUCHER REMOTEID="4f4b301a-1b53-4744-b942-cc755b053d67-00000004" VCHKEY="4f4b301a-1b53-4744-b942-cc755b053d67-0000b2b3:00000020" VCHTYPE="Purchase" ACTION="Create" OBJVIEW="Invoice Voucher View">
      <OLDAUDITENTRYIDS.LIST TYPE="Number">
       <OLDAUDITENTRYIDS>-1</OLDAUDITENTRYIDS>
      </OLDAUDITENTRYIDS.LIST>
      <VATREGISTRATIONDATE/>
      <CSTREGISTRATIONDATE/>
      <FROMDATE/>
      <TODATE/>
      <ACTIVETO/>
      <ALTEREDON/>
      <DATE>20250401</DATE>
      <LUTDATEOFISSUE/>
      <LUTEXPIRYDATE/>
      <BONDDATEOFISSUE/>
      <BONDEXPIRYDATE/>
      <TAXCHEQUEDATE/>
      <TAXCHALLANDATE/>
      <REFERENCEDATE>20250401</REFERENCEDATE>
      <SHIPPINGBILLDATE/>
      <BILLOFENTRYDATE/>
      <VATPARTYTRANSRETURNDATE/>
      <ORIGINALVCHDATE/>
      <ISDDOCUMENTDATE/>
      <IRNCANCELDATE/>
      <IRNACKDATE/>
      <RECONCILATIONDATE/>
      <FORM16ISSUEDATE/>
      <CSTFORMISSUEDATE/>
      <CSTFORMRECVDATE/>
      <CERTIFICATEDATE/>
      <TRADERMFGRINVOICEDT/>
      <FBTFROMDATE/>
      <FBTTODATE/>
      <RETURNINVOICEDATE/>
      <AGGREMENTORDERDATE/>
      <GOODSRCPTDATE/>
      <LORRYRECPTDATE/>
      <TRANSSALELANDINGDATE/>
      <TRANSBUYERLANDINGDATE/>
      <CREDITLETTERDATE/>
      <AIRWAYBILLDATE/>
      <VATORDERDATE/>
      <INVDELIVERYDATE/>
      <BILLOFLADINGDATE/>
      <VATDEPOSITDATE/>
      <VATDOCUMENTDATE/>
      <VATCHALLANDATE/>
      <ECDATE/>
      <VATTDSDATE/>
      <ADJFROMDATE/>
      <ADJTODATE/>
      <VATDDCHEQUEDATE/>
      <VATDUEDATE/>
      <VATINTDATE/>
      <VATDELAY/>
      <VATGRNDATE/>
      <REFUNDORDERDT/>
      <VATFORMSUBMISSIONDATE/>
      <VATCANCSALESINVOICEDATE/>
      <VATFORMTWELVEDATE/>
      <UTKAGREEORDDATE/>
      <UTKGOODSDELDATE/>
      <VATBILTYDATE/>
      <EIDESPDATE/>
      <VATCSTE1SERIESDATE/>
      <VCHVATDEPOSITDATE/>
      <VCHREFERENCEDATE/>
      <TAXPAYPERIODFROMDATE/>
      <TAXPAYPERIODTODATE/>
      <STTAXCHALLANDATE/>
      <GSTCHALLANDATE/>
      <GSTCHALLANEXPIRYDATE/>
      <ADJPARTYINVOICEDATE/>
      <ADJPARTYPAYMENTDATE/>
      <PARTYORDERDATE/>
      <ADVANCERECEIPTDATE/>
      <REFUNDVOUCHERDATE/>
      <VCHSTATUSDATE>20250401</VCHSTATUSDATE>
      <PAYMENTLINKEXPIRYDATE/>
      <VATSUBMISSIONDATE/>
      <PARTYINVDATE/>
      <INSPDOCDATE/>
      <VATCANCINVDATE/>
      <VATGOODSRECEIPTDATE/>
      <VATCSTE1DATE/>
      <DISPATCHDATE/>
      <AUDITEDON/>
      <GUID>4f4b301a-1b53-4744-b942-cc755b053d67-00000004</GUID>
      <VATDISTRICTNAME/>
      <GSTREGISTRATIONTYPE>Regular</GSTREGISTRATIONTYPE>
      <VATDEALERTYPE>Regular</VATDEALERTYPE>
      <STATENAME/>
      <PRICELEVEL/>
      <TDSNATUREOFPAYMENT/>
      <AUTOCOSTLEVEL/>
      <PURPOSETYPE/>
      <NARRATION/>
      <ENTEREDBY/>
      <ALTEREDBY/>
      <TYPEOFUPDATEACTIVITY/>
      <OBJECTUPDATEACTION/>
      <REQUESTORRULE/>
      <COUNTRYOFRESIDENCE>India</COUNTRYOFRESIDENCE>
      <IMPORTEREXPORTERCODE/>
      <PARTYGSTIN/>
      <VATDEALERNATURE/>
      <NATUREOFSALES/>
      <EXCISENOTIFICATIONNO/>
      <PLACEOFSUPPLY/>
      <LUTNUMBER/>
      <BONDNUMBER/>
      <AUTHORITYNAME/>
      <AUTHORITYADDRESS/>
      <TAXUNITNAME/>
      <ITEMSTATE/>
      <EXCISEUNITNAME/>
      <VOUCHERTYPENAME>Purchase</VOUCHERTYPENAME>
      <CLASSNAME/>
      <POSCARDLEDGER/>
      <POSCASHLEDGER/>
      <POSGIFTLEDGER/>
      <POSCHEQUELEDGER/>
      <SECTIONNAME/>
      <EXCISECLASSIFICATIONNAME/>
      <TDSSECTIONNO/>
      <TDSDEDNSTATUS/>
      <TAXBANKCHALLANNUMBER/>
      <TAXCHALLANBSRCODE/>
      <TAXCHEQUENUMBER/>
      <TAXBANKNAME/>
      <TAXBANKBRANCHNAME/>
      <PARTYNAME>Delhi Distributors</PARTYNAME>
      <GSTREGISTRATION/>
      <CMPGSTIN/>
      <RETURNNAME/>
      <ECOMMERCEGSTIN/>
      <PARTYLEDGERNAME>Delhi Distributors</PARTYLEDGERNAME>
      <VOUCHERNUMBER>2</VOUCHERNUMBER>
      <TAXADJUSTMENT/>
      <BUYERADDRESSTYPE/>
      <PORTCODE/>
      <SHIPPINGBILLNO/>
      <BILLOFENTRYNO/>
      <VATPARTYTRANSRETURNNUMBER/>
      <BASICBUYERNAME>Demo Trading Co</BASICBUYERNAME>
      <CMPGSTREGISTRATIONTYPE/>
      <URDORIGINALSALEVALUE/>
      <GSTNATUREOFRETURN/>
      <ORIGINALVCHNUMBER/>
      <ISDDOCUMENTNUMBER/>
      <TAXPAYMENTTYPE/>
      <STATPAYMENTTYPE/>
      <GSTADDITIONALDETAILS/>
      <REFERENCE>PUR-002</REFERENCE>
      <GSTITCDOCUMENTTYPE/>
      <PARTYMAILINGNAME>Delhi Distributors</PARTYMAILINGNAME>
      <PARTYPINCODE/>
      <IRN/>
      <IRNCANCELREASON/>
      <IRNCANCELCODE/>
      <BILLTOPLACE/>
      <DISPATCHFROMNAME/>
      <DISPATCHFROMSTATENAME/>
      <DISPATCHFROMPINCODE/>
      <DISPATCHFROMPLACE/>
      <SHIPTOPLACE/>
      <CONSIGNEEGSTIN/>
      <CONSIGNEEMAILINGNAME>Demo Trading Co</CONSIGNEEMAILINGNAME>
      <CONSIGNEEPINCODE/>
      <CONSIGNEESTATENAME/>
      <CMPGSTSTATE/>
      <IRNQRCODE/>
      <CONSIGNEECOUNTRYNAME>India</CONSIGNEECOUNTRYNAME>
      <PARTYADDRESSTYPE/>
      <GSTSUPPLYTYPE/>
      <IRNACKNO/>
      <IRNIRPSOURCE/>
      <REMARKS/>
      <BASICBASEPARTYNAME>Delhi Distributors</BASICBASEPARTYNAME>
      <BASICVOUCHERCHEQUENAME/>
      <BASICVOUCHERCROSSCOMMENT/>
      <EXCHGCURRENCYNAME/>
      <SERIALMASTER/>
      <SERIALNUMBER/>
      <STATADJUSTMENTTYPE/>
      <CONSIGNEEIECODE/>
      <SUPPLIERIECODE/>
      <ARESERIALMASTER/>
      <ARESERIALNUMBER/>
      <SUMAUTOVCHNUM/>
      <VCHRETAINEDPURPOSE/>
      <NUMBERINGSTYLE>Auto Retain</NUMBERINGSTYLE>
      <OPBALANCEUSEDFOR/>
      <TAXBANKACCOUNTNUMBER/>
      <TDSADJUSTMENTTYPE/>
      <CSTFORMISSUETYPE>&#4; Not Applicable</CSTFORMISSUETYPE>
      <CSTFORMISSUENUMBER/>
      <CSTFORMRECVTYPE>&#4; Not Applicable</CSTFORMRECVTYPE>
      <CSTFORMRECVNUMBER/>
      <CONSIGNEECSTNUMBER/>
      <BUYERSCSTNUMBER/>
      <CSTFORMISSUESERIESNUM/>
      <CSTFORMRECVSERIESNUM/>
      <EXCISETREASURYNUMBER/>
      <EXCISETREASURYNAME/>
      <CERTIFICATETYPE/>
      <CERTIFICATENUMBER/>
      <AREFORMTYPE/>
      <DESTINATIONTAXUNIT/>
      <TRADERCONSVATTINNO/>
      <TRADERCONSEXCISEREGNNO/>
      <TRADERCONSRANGE/>
      <TRADERCONSDIVISION/>
      <TRADERCONSCOMMISSIONERATE/>
      <TRADERSUPPEXCISEREGNNO/>
      <TRADERSUPPRANGE/>
      <TRADERSUPPDIVISION/>
      <TRADERSUPPCOMMISSIONERATE/>
      <TRADERMFGREXCISEREGNNO/>
      <TRADERMFGRRANGE/>
      <TRADERMFGRDIVISION/>
      <TRADERMFGRCOMMISSIONERATE/>
      <TRADERMFGRNAME/>
      <TRADERMFGRINVOICENO/>
      <FBTPAYMENTTYPE>Default</FBTPAYMENTTYPE>
      <POSCARDNUMBER/>
      <POSCHEQUENUMBER/>
      <POSCHEQUEBANKNAME/>
      <CHALLANTYPE/>
      <CHEQUEDEPOSITORNAME/>
      <EXCISENOTIFICATIONSERIALNO/>
      <PERSISTEDVIEW>Invoice Voucher View</PERSISTEDVIEW>
      <EXCISETARIFFTYPE/>
      <CONSIGNEELBTREGNNO/>
      <CONSIGNEELBTZONE/>
      <SUPPLIERLBTREGNNO/>
      <SUPPLIERLBTZONE/>
      <LBTMAPPEDCATEGORY/>
      <LBTMAPPEDZONE/>
      <LBTNATUREOFLIABILITY/>
      <CASHPARTYPAN/>
      <CASHPARTYDEDTYPE/>
      <VCHTAXTYPE/>
      <TCSADJUSTMENTTYPE/>
      <PURPOSEOFPURCHASE/>
      <POINTOFTRANSACTION/>
      <TRANSPORTERNAME/>
      <TRANSPORTMODE/>
      <AGGREMENTORDERNO/>
      <FOREIGNSELLERNAME/>
      <EXPORTERCOUNTRY/>
      <GOODSVEHICLENUMBER/>
      <SHIPNAME/>
      <SHIPAGENTNAME/>
      <CLEARINGAGENTNAME/>
      <LORRYRECPTNO/>
      <CARRIERNAME/>
      <CREDITLETTERREF/>
      <AIRWAYBILLNO/>
      <FWDAGENTNAME/>
      <VATORDERNO/>
      <VATSELLERTIN/>
      <TRANSSOURCEPLACE/>
      <TRANSCATEGORY/>
      <VATDOCUMENTTYPE/>
      <VATTRANSBILLQTY/>
      <VATTRANSBILLNO/>
      <BILLOFLADINGNO/>
      <VATPAIDAGAINST/>
      <VATBANKNAME/>
      <VATBANKBRANCH/>
      <VATDDCHEQUENO/>
      <VATADJUSTMENTTYPE/>
      <VATFORMSTATUS/>
      <VATDOCUMENTNUMBER/>
      <VATSOURCESTATE/>
      <VATDESTINATIONSTATE/>
      <VATDESTINATIONPLACE/>
      <VATPARTYORGTYPE/>
      <VATPARTYTYPE/>
      <VATCHALLANNUMBER/>
      <VATDESIGOFPURCHASER/>
      <VATPURCHASERCPTTYPE/>
      <VATGOODSRCPTNO/>
      <VATPARTYORGNAME/>
      <AIRPORTNAME/>
      <TDNOFAWARDER/>
      <ECNUMBER/>
      <ECISSUINGAUTHORITY/>
      <CONTRACTORTIN/>
      <VATTDSBARCODE/>
      <VATPYMTMODEOFDEPOSIT/>
      <VATPYMTTAXDESC/>
      <VATBANKACCNUMBER/>
      <VATBRANCHCODE/>
      <VATTRANSSOURCE/>
      <VATADJADDLDETAILS/>
      <VATBRANCHNAME/>
      <PRIORITYSTATECONFLICT/>
      <EICHECKPOST/>
      <PORTNAME/>
      <VATEFORMAPPLICABLE/>
      <VATEFORMAPPLICABLENO/>
      <VATINCOURSEOF/>
      <VATDISPATCHTIME/>
      <VATTRANSPORTERADDRESS/>
      <VATCONTRACTEETDN/>
      <VATCONTRACTEEDISTRICT/>
      <VATCONTRACTEENAME/>
      <CONSUMERIDENTIFICATIONNUMBER/>
      <VATVCHRHANDLE/>
      <VATCHALLANNO/>
      <TAXINVOICENO/>
      <VATTREASURY/>
      <VATTYPE/>
      <VATISSUEBANK/>
      <BOOKNUMBER/>
      <VATCHALLANAGAINST/>
      <VATPAYMENTMODE/>
      <VATDEMANDPURPOSE/>
      <VATFORM38NO/>
      <VATCUSTOMSENTRYNO/>
      <VATPARTNERNAME/>
      <VATDRIVERADDRESS/>
      <VATSOURCEDISTRICT/>
      <VATDESTINATIONDISTRICT/>
      <VATLICENSESTATE/>
      <VATVEHICLENO/>
      <VATWAYBILLNUMBER/>
      <VATCHECKPOSTNAME/>
      <VATCANCSALESINVOICENO/>
      <VATCANCSALESPARTYNAME/>
      <VATCANCSALESPARTYCSTTIN/>
      <VATFORMTWELVENO/>
      <UTKAGREEORDNO/>
      <UTKTRNSPORTCMPNAME/>
      <UTKTRANSPORTMODE/>
      <UTKTRANSPORTVEHNO/>
      <VATBILTYNO/>
      <VATFORM49NO/>
      <VATCATEGORYTYPE/>
      <VATWAYBILLQTY/>
      <VCHVATDOCUMENTTYPE/>
      <REFUNDORDERNO/>
      <VATPURPOSECODE/>
      <VATDESCRIPTION/>
      <DEPOTNAME/>
      <CMPTYPEOFDEVICE/>
      <CMPDEVICENO/>
      <VATBANK/>
      <VATBRANCH/>
      <VATDRAFTCHEQUENO/>
      <VATWCDESC/>
      <VATCHECKPOST/>
      <VATCSTE1SERIESNUMBER/>
      <VATCSTE1SERIALNUMBER/>
      <BUYERPINNO/>
      <CONSIGNEEPINNO/>
      <VATEXEMPTCERTIFINO/>
      <VATWAYBILLNO/>
      <VATBRIEFDESC/>
      <VATEXPORTENTRYNUMBER/>
      <STTVCHRHANDLE/>
      <SRVTREGNUMBER/>
      <STTAXBANKCHALLANNUMBER/>
      <TYPEOFEXCISEVOUCHER/>
      <GSTBANKNAME/>
      <GSTBANKACCOUNTNUMBER/>
      <GSTBANKACCOUNTTYPE/>
      <GSTBANKACCOUNTHOLDER/>
      <GSTBANKBRANCHADDRESS/>
      <GSTBANKIFSCCODE/>
      <GSTBANKMICRCODE/>
      <GSTDEBITDOCNUMBER/>
      <GSTPYMTMODEOFDEPOSIT/>
      <GSTBANKBRANCHNAME/>
      <GSTINSTRUMENTNUMBER/>
      <GSTCHALLANNUMBER/>
      <GSTCPINNUMBER/>
      <GSTCINNUMBER/>
      <ADJPARTYGSTIN/>
      <ADJPARTYINVOICENO/>
      <GSTMERCHANTID/>
      <PARTYORDERNO/>
      <GSTITCREVERSALDETAILS/>
      <GSTACTIVITYSTATUS/>
      <GSTRECONSTATUS/>
      <GSTREASONFORREJECTION/>
      <ADVANCERECEIPTNUMBER/>
      <REFUNDVOUCHERNUMBER/>
      <GSTNATURE/>
      <VCHTAXUNIT/>
      <DISPATCHFROMADDRESSTYPE/>
      <VCHSTATUSTAXADJUSTMENT>Default</VCHSTATUSTAXADJUSTMENT>
      <VCHSTATUSVOUCHERTYPE>Purchase</VCHSTATUSVOUCHERTYPE>
      <VCHSTATUSTAXUNIT/>
      <PAYMENTLINK/>
      <BASICSHIPPEDBY/>
      <BASICDESTINATIONCOUNTRY/>
      <BASICPLACEOFRECEIPT/>
      <BASICSHIPDOCUMENTNO/>
      <BASICPORTOFLOADING/>
      <BASICPORTOFDISCHARGE/>
      <BASICFINALDESTINATION/>
      <BASICORDERREF/>
      <BASICSHIPVESSELNO/>
      <BASICBUYERSSALESTAXNO/>
      <BASICDUEDATEOFPYMT/>
      <BASICSERIALNUMINPLA/>
      <BASICDATETIMEOFINVOICE/>
      <BASICDATETIMEOFREMOVAL/>
      <MFGRADDRESSTYPE/>
      <TRANSPORTERADDRROOM/>
      <TRANSPORTERADDRBLDG/>
      <TRANSPORTERADDRROAD/>
      <TRANSPORTERADDRAREA/>
      <TRANSPORTERADDRTOWN/>
      <TRANSPORTERADDRDIST/>
      <TRANSPORTERADDRSTATE/>
      <TRANSPORTERADDRPINCODE/>
      <TRANSPORTERADDRPHONE/>
      <TRANSPORTERADDRFAX/>
      <TRANSPORTERVEHICLE2/>
      <TRANSPORTLOCALTIN/>
      <VATCFORMISSUESTATE/>
      <PLACEOFSUPPLYSTATE/>
      <PLACEOFSUPPLYCOUNTRY/>
      <EMIRATEPOS/>
      <VCHGSTCLASS>&#4; Not Applicable</VCHGSTCLASS>
      <COSTCENTRENAME/>
      <ADDITIONALNARRATION/>
      <PARTYINVNO/>
      <INSPDOCNO/>
      <SETTLEMENTTYPE/>
      <VOUCHERTIME/>
      <HOLDREFERENCE/>
      <VATCANCINVNO/>
      <VATCANCPURCTIN/>
      <VATCANCPURCNAME/>
      <VATTYPEOFDEVICE/>
      <VATBRIEFDESCRIPTION/>
      <VATDEVICENO/>
      <BUYERPINNUMBER/>
      <VATEXPORTENTRYNO/>
      <CONSIGNEEPINNUMBER/>
      <VATEXEMPTCERTIFICATENO/>
      <VATVEHICLENUMBER/>
      <VATGOODSRECEIPTNUMBER/>
      <VATMOBILENUMBER/>
      <VATCSTE1SERIESNO/>
      <VATCSTE1SERIALNO/>
      <VATPERMITFORM/>
      <VATCERTIFICATENO/>
      <CONSIGNEECIRCLE/>
      <CONSIGNEECITY/>
      <CONSIGNEEMOBILENUMBER/>
      <CONSIGNEEOTHERS/>
      <CONSIGNEEMAIL/>
      <DELIVERYCITY/>
      <DELIVERYPINCODE/>
      <DELIVERYOTHERS/>
      <DELIVERYSTATE/>
      <DISPATCHCITY/>
      <DISPATCHPINCODE/>
      <DESTINATIONPERMITNUMBER/>
      <ENTRYCHECKPOSTLOCATION/>
      <EXITCHECKPOSTLOCATION/>
      <VATTDSDEDUCTORNAME/>
      <VCHENTRYMODE>Item Invoice</VCHENTRYMODE>
      <ISDDCNOTEDOCNUMBER/>
      <OPENINGVCHFOR/>
      <VOUCHERTYPEORIGNAME/>
      <DOCUMENTID/>
      <EXCHANGEPURPOSE/>
      <DIFFACTUALQTY>No</DIFFACTUALQTY>
      <ISMSTFROMSYNC>No</ISMSTFROMSYNC>
      <ISDELETED>No</ISDELETED>
      <ISSECURITYONWHENENTERED>No</ISSECURITYONWHENENTERED>
      <ASORIGINAL>No</ASORIGINAL>
      <AUDITED>No</AUDITED>
      <ISCOMMONPARTY>No</ISCOMMONPARTY>
      <FORJOBCOSTING>No</FORJOBCOSTING>
      <ISOPTIONAL>No</ISOPTIONAL>
      <EFFECTIVEDATE>20250401</EFFECTIVEDATE>
      <USEFOREXCISE>No</USEFOREXCISE>
      <ISFORJOBWORKIN>No</ISFORJOBWORKIN>
      <ALLOWCONSUMPTION>No</ALLOWCONSUMPTION>
      <USEFORINTEREST>No</USEFORINTEREST>
      <USEFORGAINLOSS>No</USEFORGAINLOSS>
      <USEFORGODOWNTRANSFER>No</USEFORGODOWNTRANSFER>
      <USEFORCOMPOUND>No</USEFORCOMPOUND>
      <USEFORSERVICETAX>No</USEFORSERVICETAX>
      <ISREVERSECHARGEAPPLICABLE>No</ISREVERSECHARGEAPPLICABLE>
      <ISSYSTEM>No</ISSYSTEM>
      <ISFETCHEDONLY>No</ISFETCHEDONLY>
      <ISGSTOVERRIDDEN>No</ISGSTOVERRIDDEN>
      <ISCANCELLED>No</ISCANCELLED>
      <ISONHOLD>No</ISONHOLD>
      <ISSUMMARY>No</ISSUMMARY>
      <ISECOMMERCESUPPLY>No</ISECOMMERCESUPPLY>
      <ISBOENOTAPPLICABLE>No</ISBOENOTAPPLICABLE>
      <ISGSTSECSEVENAPPLICABLE>No</ISGSTSECSEVENAPPLICABLE>
      <IGNOREEINVVALIDATION>No</IGNOREEINVVALIDATION>
      <CMPGSTISOTHTERRITORYASSESSEE>No</CMPGSTISOTHTERRITORYASSESSEE>
      <PARTYGSTISOTHTERRITORYASSESSEE>No</PARTYGSTISOTHTERRITORYASSESSEE>
      <IRNJSONEXPORTED>No</IRNJSONEXPORTED>
      <IRNCANCELLED>No</IRNCANCELLED>
      <IGNOREGSTCONFLICTINMIG>No</IGNOREGSTCONFLICTINMIG>
      <ISOPBALTRANSACTION>No</ISOPBALTRANSACTION>
      <IGNOREGSTFORMATVALIDATION>No</IGNOREGSTFORMATVALIDATION>
      <ISELIGIBLEFORITC>Yes</ISELIGIBLEFORITC>
      <IGNOREGSTOPTIONALUNCERTAIN>No</IGNOREGSTOPTIONALUNCERTAIN>
      <UPDATESUMMARYVALUES>No</UPDATESUMMARYVALUES>
      <ISEWAYBILLAPPLICABLE>No</ISEWAYBILLAPPLICABLE>
      <ISDELETEDRETAINED>No</ISDELETEDRETAINED>
      <ISNULL>No</ISNULL>
      <ISEXCISEVOUCHER>No</ISEXCISEVOUCHER>
      <EXCISETAXOVERRIDE>No</EXCISETAXOVERRIDE>
      <USEFORTAXUNITTRANSFER>No</USEFORTAXUNITTRANSFER>
      <ISEXER1NOPOVERWRITE>No</ISEXER1NOPOVERWRITE>
      <ISEXF2NOPOVERWRITE>No</ISEXF2NOPOVERWRITE>
      <ISEXER3NOPOVERWRITE>No</ISEXER3NOPOVERWRITE>
      <IGNOREPOSVALIDATION>No</IGNOREPOSVALIDATION>
      <EXCISEOPENING>No</EXCISEOPENING>
      <USEFORFINALPRODUCTION>No</USEFORFINALPRODUCTION>
      <ISTDSOVERRIDDEN>No</ISTDSOVERRIDDEN>
      <ISTCSOVERRIDDEN>No</ISTCSOVERRIDDEN>
      <ISTDSTCSCASHVCH>No</ISTDSTCSCASHVCH>
      <INCLUDEADVPYMTVCH>No</INCLUDEADVPYMTVCH>
      <ISSUBWORKSCONTRACT>No</ISSUBWORKSCONTRACT>
      <ISVATOVERRIDDEN>No</ISVATOVERRIDDEN>
      <IGNOREORIGVCHDATE>No</IGNOREORIGVCHDATE>
      <ISVATPAIDATCUSTOMS>No</ISVATPAIDATCUSTOMS>
      <ISDECLAREDTOCUSTOMS>No</ISDECLAREDTOCUSTOMS>
      <VATADVANCEPAYMENT>No</VATADVANCEPAYMENT>
      <VATADVPAY>No</VATADVPAY>
      <ISCSTDELCAREDGOODSSALES>No</ISCSTDELCAREDGOODSSALES>
      <ISVATRESTAXINV>No</ISVATRESTAXINV>
      <ISSERVICETAXOVERRIDDEN>No</ISSERVICETAXOVERRIDDEN>
      <ISISDVOUCHER>No</ISISDVOUCHER>
      <ISEXCISEOVERRIDDEN>No</ISEXCISEOVERRIDDEN>
      <ISEXCISESUPPLYVCH>No</ISEXCISESUPPLYVCH>
      <GSTNOTEXPORTED>No</GSTNOTEXPORTED>
      <IGNOREGSTINVALIDATION>No</IGNOREGSTINVALIDATION>
      <ISGSTREFUND>No</ISGSTREFUND>
      <OVRDNEWAYBILLAPPLICABILITY>No</OVRDNEWAYBILLAPPLICABILITY>
      <ISVATPRINCIPALACCOUNT>No</ISVATPRINCIPALACCOUNT>
      <VCHSTATUSISVCHNUMUSED>No</VCHSTATUSISVCHNUMUSED>
      <VCHGSTSTATUSISINCLUDED>No</VCHGSTSTATUSISINCLUDED>
      <VCHGSTSTATUSISUNCERTAIN>Yes</VCHGSTSTATUSISUNCERTAIN>
      <VCHGSTSTATUSISEXCLUDED>No</VCHGSTSTATUSISEXCLUDED>
      <VCHGSTSTATUSISAPPLICABLE>Yes</VCHGSTSTATUSISAPPLICABLE>
      <VCHGSTSTATUSISGSTR2BRECONCILED>No</VCHGSTSTATUSISGSTR2BRECONCILED>
      <VCHGSTSTATUSISGSTR2BONLYINPORTAL>No</VCHGSTSTATUSISGSTR2BONLYINPORTAL>
      <VCHGSTSTATUSISGSTR2BONLYINBOOKS>No</VCHGSTSTATUSISGSTR2BONLYINBOOKS>
      <VCHGSTSTATUSISGSTR2BMISMATCH>No</VCHGSTSTATUSISGSTR2BMISMATCH>
      <VCHGSTSTATUSISGSTR2BINDIFFPERIOD>No</VCHGSTSTATUSISGSTR2BINDIFFPERIOD>
      <VCHGSTSTATUSISRETEFFDATEOVERRDN>No</VCHGSTSTATUSISRETEFFDATEOVERRDN>
      <VCHGSTSTATUSISOVERRDN>No</VCHGSTSTATUSISOVERRDN>
      <VCHGSTSTATUSISSTATINDIFFDATE>No</VCHGSTSTATUSISSTATINDIFFDATE>
      <VCHGSTSTATUSISRETINDIFFDATE>No</VCHGSTSTATUSISRETINDIFFDATE>
      <VCHGSTSTATUSMAINSECTIONEXCLUDED>No</VCHGSTSTATUSMAINSECTIONEXCLUDED>
      <VCHGSTSTATUSISBRANCHTRANSFEROUT>No</VCHGSTSTATUSISBRANCHTRANSFEROUT>
      <VCHGSTSTATUSISSYSTEMSUMMARY>No</VCHGSTSTATUSISSYSTEMSUMMARY>
      <VCHSTATUSISUNREGISTEREDRCM>No</VCHSTATUSISUNREGISTEREDRCM>
      <VCHSTATUSISOPTIONAL>No</VCHSTATUSISOPTIONAL>
      <VCHSTATUSISCANCELLED>No</VCHSTATUSISCANCELLED>
      <VCHSTATUSISDELETED>No</VCHSTATUSISDELETED>
      <VCHSTATUSISOPENINGBALANCE>No</VCHSTATUSISOPENINGBALANCE>
      <VCHSTATUSISFETCHEDONLY>No</VCHSTATUSISFETCHEDONLY>
      <VCHGSTSTATUSISOPTIONALUNCERTAIN>No</VCHGSTSTATUSISOPTIONALUNCERTAIN>
      <VCHSTATUSISREACCEPTFORHSNDONE>No</VCHSTATUSISREACCEPTFORHSNDONE>
      <VCHSTATUSISREACCEPHSNSIXONEDONE>Yes</VCHSTATUSISREACCEPHSNSIXONEDONE>
      <PAYMENTLINKHASMULTIREF>No</PAYMENTLINKHASMULTIREF>
      <ISSHIPPINGWITHINSTATE>No</ISSHIPPINGWITHINSTATE>
      <ISOVERSEASTOURISTTRANS>No</ISOVERSEASTOURISTTRANS>
      <ISDESIGNATEDZONEPARTY>No</ISDESIGNATEDZONEPARTY>
      <HASCASHFLOW>No</HASCASHFLOW>
      <ISPOSTDATED>No</ISPOSTDATED>
      <USETRACKINGNUMBER>No</USETRACKINGNUMBER>
      <ISINVOICE>Yes</ISINVOICE>
      <MFGJOURNAL>No</MFGJOURNAL>
      <HASDISCOUNTS>No</HASDISCOUNTS>
      <ASPAYSLIP>No</ASPAYSLIP>
      <ISCOSTCENTRE>No</ISCOSTCENTRE>
      <ISSTXNONREALIZEDVCH>No</ISSTXNONREALIZEDVCH>
      <ISEXCISEMANUFACTURERON>No</ISEXCISEMANUFACTURERON>
      <ISBLANKCHEQUE>No</ISBLANKCHEQUE>
      <ISVOID>No</ISVOID>
      <ORDERLINESTATUS>No</ORDERLINESTATUS>
      <VATISAGNSTCANCSALES>No</VATISAGNSTCANCSALES>
      <VATISPURCEXEMPTED>No</VATISPURCEXEMPTED>
      <ISVATRESTAXINVOICE>No</ISVATRESTAXINVOICE>
      <VATISASSESABLECALCVCH>No</VATISASSESABLECALCVCH>
      <ISVATDUTYPAID>Yes</ISVATDUTYPAID>
      <ISDELIVERYSAMEASCONSIGNEE>No</ISDELIVERYSAMEASCONSIGNEE>
      <ISDISPATCHSAMEASCONSIGNOR>No</ISDISPATCHSAMEASCONSIGNOR>
      <ISDELETEDVCHRETAINED>No</ISDELETEDVCHRETAINED>
      <VCHONLYADDLINFOUPDATED>No</VCHONLYADDLINFOUPDATED>
      <CHANGEVCHMODE>No</CHANGEVCHMODE>
      <RESETIRNQRCODE>No</RESETIRNQRCODE>
      <ERRKEY>0</ERRKEY>
      <ALTERID> 4</ALTERID>
      <MASTERID> 4</MASTERID>
      <QRCODECRC>0</QRCODECRC>
      <EXCHANGEACTIVITYID>0</EXCHANGEACTIVITYID>
      <VOUCHERKEY>196481868890144</VOUCHERKEY>
      <VOUCHERRETAINKEY>5</VOUCHERRETAINKEY>
      <ECFEERATE>0</ECFEERATE>
      <VATCONSIGNMENTNO>0</VATCONSIGNMENTNO>
      <VATRATEOFTAX>0</VATRATEOFTAX>
      <EIDISCOUNTRATE>0</EIDISCOUNTRATE>
      <WBTRANSFERASSESSRATE>0</WBTRANSFERASSESSRATE>
      <VATWCDEDUCTIONPERC>0</VATWCDEDUCTIONPERC>
      <ISGSTOVRDNCRC>0</ISGSTOVRDNCRC>
      <IGNGSTFMTCRC>0</IGNGSTFMTCRC>
      <IGNEINVVALIDCRC>0</IGNEINVVALIDCRC>
      <IGNEXTNVALIDCRC>0</IGNEXTNVALIDCRC>
      <IGNPARTBVALIDCRC>0</IGNPARTBVALIDCRC>
      <IGNTRANSIDVALIDCRC>0</IGNTRANSIDVALIDCRC>
      <IGNGENERATIONVALIDCRC>0</IGNGENERATIONVALIDCRC>
      <IGNGSTVALIDCRC>0</IGNGSTVALIDCRC>
      <IGNGSTOPTUNCERTCRC>0</IGNGSTOPTUNCERTCRC>
      <RATEOFINVOICETAX>0</RATEOFINVOICETAX>
      <VCHSTATUSDUMMYLONG>0</VCHSTATUSDUMMYLONG>
      <VATTDSRATE>0</VATTDSRATE>
      <REUSEHOLEID>0</REUSEHOLEID>
      <BONDAMOUNT/>
      <POSCASHRECEIVED/>
      <CUSTOMDUTYPAID/>
      <VATPARTYITCCLAIMED/>
      <VATPARTYTAXLIABILITY/>
      <VALUEOFWORKSCONTRACT/>
      <ECFEEAMOUNT/>
      <ECFEEDEPOSITBYAWARDER/>
      <ECFEEDEPOSITBYCONTRACTOR/>
      <TDSDEDUCTED/>
      <VALUEOFSUBWORKSCONT/>
      <VATTDSAMT/>
      <VATPURCHASEVALUE/>
      <MAHWCASSESSABLEVALUE/>
      <WBTRANSFERBASEVALUE/>
      <VATWCDEDUCTIONAMT/>
      <VATWCOTHERDEDUCTAMT/>
      <CESSASSVALONCLASS/>
      <ADDNLVATCLASSAMT/>
      <ADJPARTYINVOICEVALUE/>
      <GSTINVASSESSABLEVALUE/>
      <EIDISCOUNTAMT/>
      <PAYMENTLINKAMOUNT/>
      <VATGOODSVALUE/>
      <EXCHGRATE/>
      <PROCESSINGDURATION/>
      <VOUCHERNUMBERSERIES>Default</VOUCHERNUMBERSERIES>
      <UPDATEDDATETIME>000000000</UPDATEDDATETIME>
      <IRNACKUPDATEDATETIME>000000000</IRNACKUPDATEDATETIME>
      <TEMPFROMDATE/>
      <TEMPGSTEWAYCONSIGNORADDRESSTYPE/>
      <TEMPGSTEWAYCONSIGNEEADDRESSTYPE/>
      <POSGIFTLEDGERAMOUNT/>
      <POSCARDLEDGERAMOUNT/>
      <POSCHEQUELEDGERAMOUNT/>
      <POSCASHLEDGERAMOUNT/>
      <TEMPCCCLASS/>
      <EIDEFAULTLED_ISZRBASICSERVICE/>
      <PREVBOMNAME/>
      <CURBOMNAME/>
      <COMMONNATUREOFPAYMENT/>
      <COMMONISBASEDONREALIZATION/>
      <COMMONISTDSDEDUCTED/>
      <TEMPISVCHSUPPLFILLED/>
      <CURRPARTYLEDGERNAME/>
      <CURRBASICBUYERNAME/>
      <CURRPARTYNAME/>
      <CURRBUYERADDRESSTYPE/>
      <CURRPARTYADDRESSTYPE/>
      <CURRSTATENAME/>
      <CURRBASICPURCHASEORDERNO/>
      <CURRBASICSHIPDELIVERYNOTE/>
      <POSSTAXPARTYLEDGERNAME/>
      <ISCSTAGTFORMC/>
      <EIDEFAULTLED_ISUSERDEFINED/>
      <EIDEFAULTLED_CLASSNAME/>
      <EIDEFAULTLED_CLASSRATE>0</EIDEFAULTLED_CLASSRATE>
      <EIDEFAULTLED_CLASSADDLRATE>0</EIDEFAULTLED_CLASSADDLRATE>
      <TEMPVATCLASSIFICATION/>
      <ISATTDDATAPRESERVED/>
      <TEMPGSTEWAYBILLNUMBER/>
      <TEMPGSTEWAYBILLDATE/>
      <TEMPGSTEWAYSUBTYPE/>
      <TEMPGSTEWAYDOCUMENTTYPE/>
      <TEMPGSTEWAYSTATUS/>
      <TEMPGSTEWAYISCANCELLED/>
      <TEMPGSTEWAYCONSIGNOR/>
      <TEMPGSTEWAYCONSIGNORADDRESS/>
      <TEMPGSTEWAYFROMPLACE/>
      <TEMPCONSIGNORPINCODENUMBER>0</TEMPCONSIGNORPINCODENUMBER>
      <TEMPGSTEWAYPINCODENUMBER>0</TEMPGSTEWAYPINCODENUMBER>
      <TEMPGSTEWAYPINCODE/>
      <TEMPGSTEWAYCONSIGNORTIN/>
      <TEMPGSTEWAYCONSIGNORSTATE/>
      <TEMPGSTEWAYCONSSHIPFROMSTATE/>
      <TEMPGSTEWAYCONSIGNEE/>
      <TEMPGSTEWAYCONSADDRESS/>
      <TEMPGSTEWAYCONSFROMPLACE/>
      <TEMPGSTEWAYCONSPINCODENUMBER>0</TEMPGSTEWAYCONSPINCODENUMBER>
      <TEMPCONSIGNEEPINCODENUMBER>0</TEMPCONSIGNEEPINCODENUMBER>
      <TEMPGSTEWAYCONSPINCODE/>
      <TEMPGSTEWAYCONSTIN/>
      <TEMPGSTEWAYCONSSTATE/>
      <TEMPGSTEWAYCONSSHIPTOSTATE/>
      <TEMPGSTEWAYTRANSPORTMODE/>
      <TEMPGSTEWAYDISTANCE>0</TEMPGSTEWAYDISTANCE>
      <TEMPGSTEWAYTRANSPORTERNAME/>
      <TEMPGSTEWAYVEHICLENUMBER/>
      <TEMPGSTEWAYTRANSPORTERID/>
      <TEMPGSTEWAYTRANSPORTERDOCNO/>
      <TEMPGSTEWAYTRANSPORTERDOCDATE/>
      <TEMPGSTEWAYVEHICLETYPE/>
      <TEMPGSTEWAYCONSBILLNUMBER/>
      <TEMPGSTEWAYCONSBILLDATE/>
      <TEMPISUSERDEFINEDCLASS/>
      <TEMPCLASSNATURE/>
      <TEMPGSTOVRDNINELIGIBLEITC/>
      <TEMPGSTOVRDNISREVCHARGEAPPL/>
      <TEMPGSTOVRDNTAXABILITY/>
      <TEMPGSTOVRDNISREVCHARGEAPPLSTR/>
      <TEMPGSTOVRDNINELIGIBLEITCSTR/>
      <TEMPGSTVCHDESTINATIONSTATE/>
      <TEMPGSTPARTYLEDLOCTYPE/>
      <TEMPGSTPARTYDEALERTYPE/>
      <TEMPGSTRISCOMMONPARTY/>
      <TEMPGSTRCOUNTRY/>
      <TEMPGSTRSTATE/>
      <TEMPGSTRTIN/>
      <TEMPGSTRDEALERTYPE/>
      <CURRGSTCOUNTRY/>
      <TEMPGSTSTATUS/>
      <IGNOREGSTRATECOPYDETAILS/>
      <IGNOREGSTHSNCOPYDETAILS/>
      <GSTBUYERNAME/>
      <GSTBUYERMAILINGNAME/>
      <GSTBUYERSTATE/>
      <GSTBUYERPINCODE/>
      <GSTBUYERGSTINREGTYPE/>
      <GSTBUYERGSTIN/>
      <GSTCONSIGNEENAME/>
      <GSTCONSIGNEEMAILINGNAME/>
      <GSTCONSIGNEESTATE/>
      <GSTCONSIGNEEPINCODE/>
      <GSTCONSIGNEEGSTIN/>
      <EWAYBILLDETAILS.LIST>      </EWAYBILLDETAILS.LIST>
      <EXCLUDEDTAXATIONS.LIST>      </EXCLUDEDTAXATIONS.LIST>
      <OLDAUDITENTRIES.LIST>      </OLDAUDITENTRIES.LIST>
      <ACCOUNTAUDITENTRIES.LIST>      </ACCOUNTAUDITENTRIES.LIST>
      <AUDITENTRIES.LIST>      </AUDITENTRIES.LIST>
      <DUTYHEADDETAILS.LIST>      </DUTYHEADDETAILS.LIST>
      <GSTADVADJDETAILS.LIST>      </GSTADVADJDETAILS.LIST>
      <ALLINVENTORYENTRIES.LIST>
       <ORIGINVOICEDATE/>
       <ORIGSALESINVDATE/>
       <DESCRIPTION/>
       <STOCKITEMNAME>Steel Rod 10mm</STOCKITEMNAME>
       <STATNATURENAME/>
       <EXCISECLASSIFICATIONNAME/>
       <ISZRBASICSERVICE/>
       <STRDGSTDERIVEDLOCATIONTYPE/>
       <STRDGSTDERIVEDTAXABILITY/>
       <STRDGSTDERIVEDNATURETYPE/>
       <STRDGSTDERIVEDSUPPLYTYPE/>
       <GSTOVRDNCLASSIFICATION/>
       <GSTOVRDNNATURE/>
       <GSTOVRDNINELIGIBLEITC/>
       <GSTOVRDNISREVCHARGEAPPL/>
       <GSTOVRDNTAXABILITY/>
       <GSTSOURCETYPE/>
       <GSTITEMSOURCE/>
       <GSTLEDGERSOURCE/>
       <GSTGROUPSOURCE/>
       <GSTSTOCKGROUPSOURCE/>
       <HSNSOURCETYPE/>
       <HSNITEMSOURCE/>
       <HSNLEDGERSOURCE/>
       <HSNGROUPSOURCE/>
       <HSNSTOCKGROUPSOURCE/>
       <GSTOVRDNSTOREDNATURE/>
       <GSTOVRDNTYPEOFSUPPLY/>
       <GSTRATEINFERAPPLICABILITY/>
       <GSTOVRDNNATUREOFGOODS/>
       <GSTHSNNAME/>
       <GSTHSNDESCRIPTION/>
       <GSTHSNINFERAPPLICABILITY/>
       <HSNOVRDNCLASSIFICATION/>
       <STRDGSTFINALNATUREOFENTRY/>
       <GSTDEPGSTCLASSIFICATION/>
       <GSTDEPHSNCLASSIFICATION/>
       <EXCISETARIFF/>
       <EXCISEEXEMPTION/>
       <TRADERCNSALESNUMBER/>
       <BASICPACKAGEMARKS/>
       <BASICNUMPACKAGES/>
       <SDTAXCLASSIFICATIONNAME/>
       <NATUREOFCOMPONENT/>
       <COMPONENTLISTTYPE/>
       <DISPLAYNATUREOFCOMPONENT/>
       <BOMNAME/>
       <ORIGINVOICENUMBER/>
       <ORIGINVOICEBOOKNAME/>
       <ORIGSALESINVNO/>
       <EXCISERETURNINVOICENO/>
       <REASONOFREJECTION/>
       <EXCISECREDITPARTY/>
       <EXCISECREDITSTKITEM/>
       <EXCISECREDITCATEGORY/>
       <TRADERSUPPLIERINVOICENO/>
       <EXCISESALESINVOICENO/>
       <GSTITEMUQC/>
       <GSTITEMUQCUOM/>
       <ADDLAMOUNT/>
       <ISDEEMEDPOSITIVE>Yes</ISDEEMEDPOSITIVE>
       <ISGSTASSESSABLEVALUEOVERRIDDEN>No</ISGSTASSESSABLEVALUEOVERRIDDEN>
       <STRDISGSTAPPLICABLE>No</STRDISGSTAPPLICABLE>
       <CONTENTNEGISPOS>No</CONTENTNEGISPOS>
       <ISLASTDEEMEDPOSITIVE>Yes</ISLASTDEEMEDPOSITIVE>
       <ISAUTONEGATE>No</ISAUTONEGATE>
       <ISCUSTOMSCLEARANCE>No</ISCUSTOMSCLEARANCE>
       <ISTRACKCOMPONENT>No</ISTRACKCOMPONENT>
       <ISTRACKPRODUCTION>No</ISTRACKPRODUCTION>
       <ISPRIMARYITEM>No</ISPRIMARYITEM>
       <ISSCRAP>No</ISSCRAP>
       <RATE>280.00/Nos</RATE>
       <DISCOUNT>0</DISCOUNT>
       <VATTAXRATE>0</VATTAXRATE>
       <ORIGINVGOODSQTY>0</ORIGINVGOODSQTY>
       <EXCISEMRPABATEMENT>0</EXCISEMRPABATEMENT>
       <ADDLCOSTPERC>0</ADDLCOSTPERC>
       <REVISEDRATEOFDUTY>0</REVISEDRATEOFDUTY>
       <ORIGRATEOFDUTY>0</ORIGRATEOFDUTY>
       <ORIGMRPABATEMENT>0</ORIGMRPABATEMENT>
       <EXCISERETURNDUTYRATE>0</EXCISERETURNDUTYRATE>
       <GVATEXCISERATE>0</GVATEXCISERATE>
       <AMOUNT>-28000.00</AMOUNT>
       <EXCISEASSESSABLEVALUE/>
       <CESSASSVALONCLASS/>
       <EIDISCOUNTAMT/>
       <VATASSESSABLEVALUE/>
       <VATWCDEDUCTAMT/>
       <WCTOTALDEDUCTIONAMT/>
       <ORIGINVGOODSVALUE/>
       <GSTOVRDNASSESSABLEVALUE/>
       <GSTASSBLVALUE/>
       <STRDCOMPUTEDASSESSABLEVALUE/>
       <STRDCOMPUTEDIGST/>
       <STRDCOMPUTEDCGST/>
       <STRDCOMPUTEDSGST/>
       <STRDCOMPUTEDCESS/>
       <STRDCOMPUTEDCESSONQTY/>
       <ORIGINVGOODSTAXVALUE/>
       <VATASSBLVALUE/>
       <VATACCEPTEDTAXAMT/>
       <VATACCEPTEDADDLTAXAMT/>
       <STRDAPPRSTATECESSGST/>
       <STRDAPPROPRIATEDDISCOUNT/>
       <STRDEXCISETAX/>
       <VATINPUTTAXCREDIT/>
       <VATELIGIBLECREDIT/>
       <GVATEXCISEAMT/>
       <ACTUALQTY> 100 Nos</ACTUALQTY>
       <BILLEDQTY> 100 Nos</BILLEDQTY>
       <ORIGACTUALQTY/>
       <ORIGBILLEDQTY/>
       <EXCISERETURNINVOICEQTY/>
       <USABLEQTY/>
       <EXCISECREDITPENDINGQTY/>
       <MRPRATE/>
       <EXCISEMRPRATE/>
       <ORIGRATE/>
       <REVISEDRATE/>
       <ESCALATIONRATE/>
       <ORIGMRPRATE/>
       <ORIGRATEOFQTY/>
       <REVISEDRATEOFQTY/>
       <INCLVATRATE/>
       <TEMPGSTCGSTRATE>0</TEMPGSTCGSTRATE>
       <TEMPGSTSGSTRATE>0</TEMPGSTSGSTRATE>
       <TEMPGSTIGSTRATE>0</TEMPGSTIGSTRATE>
       <TEMPGSTSTATECESSRATE>0</TEMPGSTSTATECESSRATE>
       <TEMPGSTCESSRATE>0</TEMPGSTCESSRATE>
       <TEMPGSTCESSQTYRATE>0</TEMPGSTCESSQTYRATE>
       <INCLUSIVETAXVALUE/>
       <ISINCLTAXRATEFIELDEDITED/>
       <TEMPGSTOVRDNINELIGIBLEITC/>
       <TEMPGSTOVRDNISREVCHARGEAPPL/>
       <TEMPGSTSOURCE/>
       <TEMPHSNSOURCE/>
       <ISACCEPTASIS/>
       <TEMPHSNEFFDATE/>
       <TEMPTAXRATEEFFDATE/>
       <ISSTOCKITEMEXIST/>
       <STOCKITEMACTQTY/>
       <TEMPISEXCISEITEMEXIST/>
       <ISEXCISEOVERRIDEDETAILS/>
       <ISALLOCATEDINACCT/>
       <PREVREVISEDRATEPER/>
       <PREVSTOCKITEMNAME/>
       <EXCISECREDITNOTENUMBER/>
       <ORIGCONSUMEQTY/>
       <TEMPSTKBOMQTY/>
       <TEMPRATE>0</TEMPRATE>
       <TEMPVATTRANSNATURE/>
       <TEMPVATCLSFNRATE>0</TEMPVATCLSFNRATE>
       <TEMPRBVATCLSTAXAMOUNT/>
       <TEMPPREVSTOCKITEMNAME/>
       <BATCHALLOCATIONS.LIST>
        <MFDON/>
        <ORDERYEAREND/>
        <TRACKINGYEAREND/>
        <ORDERPRECLOSUREDATE/>
        <NARRATION/>
        <GODOWNNAME>Main Location</GODOWNNAME>
        <BATCHNAME>Primary Batch</BATCHNAME>
        <DESTINATIONGODOWNNAME/>
        <INDENTNO>&#4; Not Applicable</INDENTNO>
        <ORDERTYPE/>
        <PARENTITEM/>
        <ORDERCLOSUREREASON/>
        <ORDERNO>&#4; Not Applicable</ORDERNO>
        <TRACKINGNUMBER>&#4; Not Applicable</TRACKINGNUMBER>
        <DYNAMICCSTNO/>
        <DYNAMICCSTPARENTITEM/>
        <SUMDYNAMICCSTNO/>
        <SUMBATCHNAME/>
        <SUMTRACKINGNUMBER/>
        <SUMORDERNO/>
        <SUMINDENTNO/>
        <ADDLAMOUNT/>
        <DYNAMICCSTISCLEARED>No</DYNAMICCSTISCLEARED>
        <AMOUNT>-28000.00</AMOUNT>
        <ADDLEXPENSEAMOUNT/>
        <BATCHDIFFVAL/>
        <ACTUALQTY> 100 Nos</ACTUALQTY>
        <BILLEDQTY> 100 Nos</BILLEDQTY>
        <ORDERPRECLOSUREQTY/>
        <ORIGACTUALQTY/>
        <ORIGBILLEDQTY/>
        <BATCHPHYSDIFF/>
        <ORIGRATE/>
        <REVISEDRATE/>
        <ESCALATIONRATE/>
        <INCLVATRATE/>
        <EXPIRYPERIOD/>
        <INDENTDUEDATE/>
        <ORDERDUEDATE/>
        <INCLUSIVETAXVALUE/>
        <ISPRECLOSED/>
        <BATCHALLOCBOMNAME/>
        <PREVBATCHALLOCBOMNAME/>
        <BOMALLOCACCEPTED/>
        <BATCHALLOCBOMBASEQTY/>
        <COSTTRACKID>0</COSTTRACKID>
        <ISINCLTAXRATEFIELDEDITED/>
        <ADDITIONALDETAILS.LIST>        </ADDITIONALDETAILS.LIST>
        <VOUCHERCOMPONENTLIST.LIST>        </VOUCHERCOMPONENTLIST.LIST>
       </BATCHALLOCATIONS.LIST>
       <ACCOUNTINGALLOCATIONS.LIST>
        <OLDAUDITENTRYIDS.LIST TYPE="Number">
         <OLDAUDITENTRYIDS>-1</OLDAUDITENTRYIDS>
        </OLDAUDITENTRYIDS.LIST>
        <ORIGPURCHINVDATE/>
        <NARRATION/>
        <ADDLALLOCTYPE/>
        <TAXCLASSIFICATIONNAME/>
        <APPROPRIATEFOR/>
        <GSTDUTYHEAD/>
        <GSTAPPROPRIATETO/>
        <NOTIFICATIONSLNO/>
        <EXCISEALLOCTYPE/>
        <SWIFTCODE/>
        <ROUNDTYPE/>
        <LEDGERNAME>Purchase Account</LEDGERNAME>
        <TAXUNITNAME/>
        <STATNATURENAME/>
        <GOODSTYPE/>
        <VATTRADENAME/>
        <METHODTYPE/>
        <CLASSRATE/>
        <STATCLASSIFICATIONNAME/>
        <EXCISECLASSIFICATIONNAME/>
        <ISZRBASICSERVICE/>
        <VATCOMMODITYNAME/>
        <SCHEDULE/>
        <SCHEDULESERIALNUMBER/>
        <VATCOMMODITYCODE/>
        <VATSUBCOMMODITYCODE/>
        <VATMAJORCOMMODITYNAME/>
        <STRDGSTDERIVEDLOCATIONTYPE/>
        <STRDGSTDERIVEDTAXABILITY/>
        <STRDGSTDERIVEDNATURETYPE/>
        <STRDGSTDERIVEDSUPPLYTYPE/>
        <TDSPARTYNAME/>
        <VATPARTYORGNAME/>
        <XBRLADJTYPE/>
        <VOUCHERFBTCATEGORY/>
        <TYPEOFTAXPAYMENT/>
        <VATCALCULATIONTYPE/>
        <VATWORKSCONTRACTTYPE/>
        <VATWCDESCRIPTION/>
        <GSTCLASS>&#4; Not Applicable</GSTCLASS>
        <SCHVIADJTYPE/>
        <GSTOVRDNCLASSIFICATION/>
        <GSTOVRDNNATURE/>
        <GSTOVRDNINELIGIBLEITC/>
        <GSTOVRDNISREVCHARGEAPPL/>
        <GSTOVRDNTAXABILITY/>
        <GSTHSNSACCODE/>
        <GSTSOURCETYPE/>
        <GSTITEMSOURCE/>
        <GSTLEDGERSOURCE/>
        <GSTGROUPSOURCE/>
        <GSTSTOCKGROUPSOURCE/>
        <HSNSOURCETYPE/>
        <HSNITEMSOURCE/>
        <HSNLEDGERSOURCE/>
        <HSNGROUPSOURCE/>
        <HSNSTOCKGROUPSOURCE/>
        <GSTOVRDNSTOREDNATURE/>
        <GSTOVRDNTYPEOFSUPPLY/>
        <GSTRATEINFERAPPLICABILITY/>
        <GSTOVRDNNATUREOFGOODS/>
        <GSTHSNNAME/>
        <GSTHSNDESCRIPTION/>
        <GSTHSNINFERAPPLICABILITY/>
        <HSNOVRDNCLASSIFICATION/>
        <STRDGSTFINALNATUREOFENTRY/>
        <STRDGSTDUTYHEAD/>
        <VATGOODSNATURE/>
        <GSTDEPGSTCLASSIFICATION/>
        <GSTDEPHSNCLASSIFICATION/>
        <POSPAYMENTTYPE/>
        <GSTPARTYLEDGER/>
        <ORIGPURCHPARTY/>
        <ORIGPURCHPARTYADDRESS/>
        <ORIGPURCHINVNO/>
        <ORIGPURCHNOTE/>
        <ISDEEMEDPOSITIVE>Yes</ISDEEMEDPOSITIVE>
        <LEDGERFROMITEM>No</LEDGERFROMITEM>
        <REMOVEZEROENTRIES>No</REMOVEZEROENTRIES>
        <ISPARTYLEDGER>No</ISPARTYLEDGER>
        <GSTOVERRIDDEN>No</GSTOVERRIDDEN>
        <ISGSTASSESSABLEVALUEOVERRIDDEN>No</ISGSTASSESSABLEVALUEOVERRIDDEN>
        <STRDISGSTAPPLICABLE>No</STRDISGSTAPPLICABLE>
        <STRDGSTISPARTYLEDGER>No</STRDGSTISPARTYLEDGER>
        <STRDGSTISDUTYLEDGER>No</STRDGSTISDUTYLEDGER>
        <CONTENTNEGISPOS>No</CONTENTNEGISPOS>
        <ISLASTDEEMEDPOSITIVE>Yes</ISLASTDEEMEDPOSITIVE>
        <ISCAPVATTAXALTERED>No</ISCAPVATTAXALTERED>
        <ISCAPVATNOTCLAIMED>No</ISCAPVATNOTCLAIMED>
        <STCRADJPERCENT>0</STCRADJPERCENT>
        <ROUNDLIMIT>0</ROUNDLIMIT>
        <RATEOFADDLVAT>0</RATEOFADDLVAT>
        <RATEOFCESSONVAT>0</RATEOFCESSONVAT>
        <VATTAXRATE>0</VATTAXRATE>
        <VATITEMQTY>0</VATITEMQTY>
        <VATWCDEDUCTRATE>0</VATWCDEDUCTRATE>
        <PREVINVTOTALNUM>0</PREVINVTOTALNUM>
        <VATWCDEDUCTIONRATE>0</VATWCDEDUCTIONRATE>
        <GSTTAXRATE>0</GSTTAXRATE>
        <ORIGINVGOODSQTY>0</ORIGINVGOODSQTY>
        <CAPVATTAXRATE>0</CAPVATTAXRATE>
        <AMOUNT>-28000.00</AMOUNT>
        <CESSASSVALONCLASS/>
        <ADDNLVATCLASSAMT/>
        <EIDISCOUNTAMT/>
        <FBTEXEMPTAMOUNT/>
        <VATASSESSABLEVALUE/>
        <VATWCCOSTOFLAND/>
        <VATWCDEDLABOURCHARGES/>
        <VATWCOTHERDEDUCTIONAMT/>
        <VATWCVALUEOFTAXFREEGOODS/>
        <VATWCOTHERCHARGES/>
        <VATWCSUBCONTRACTORAMT/>
        <VATWCDEDUCTAMT/>
        <WCTOTALDEDUCTIONAMT/>
        <PREVAMOUNT/>
        <PREVINVTOTALAMT/>
        <VATWCDEDUCTIONAMOUNT/>
        <ORIGINVGOODSVALUE/>
        <CENVATCAPTINPUTAMT/>
        <GSTASSESSABLEVALUE/>
        <IGSTLIABILITY/>
        <CGSTLIABILITY/>
        <SGSTLIABILITY/>
        <GSTCESSLIABILITY/>
        <GSTOVRDNASSESSABLEVALUE/>
        <GSTASSBLVALUE/>
        <STRDCOMPUTEDASSESSABLEVALUE/>
        <STRDCOMPUTEDIGST/>
        <STRDCOMPUTEDCGST/>
        <STRDCOMPUTEDSGST/>
        <STRDCOMPUTEDCESS/>
        <STRDCOMPUTEDCESSONQTY/>
        <ORIGINVGOODSTAXVALUE/>
        <VATWCESTABLISHMENTCOST/>
        <VATWCCONTRACTORPROFIT/>
        <VATWCPLANNINGDESIGNFEES/>
        <VATWCMACHINERYTOOLSCHARGES/>
        <VATWCCONSUMABLESCOST/>
        <VATEXPAMOUNT/>
        <VATASSBLVALUE/>
        <VATACCEPTEDTAXAMT/>
        <VATACCEPTEDADDLTAXAMT/>
        <CASHRECEIVED/>
        <CAPVATASSEABLEVALUE/>
        <CAPVATTAXVALUE/>
        <ORIGPURCHVALUE/>
        <SUPPLYMARGVAL/>
        <STRDAPPRSTATECESSGST/>
        <STRDAPPROPRIATEDDISCOUNT/>
        <STRDEXCISETAX/>
        <TEMPGSTCGSTRATE>0</TEMPGSTCGSTRATE>
        <TEMPGSTSGSTRATE>0</TEMPGSTSGSTRATE>
        <TEMPGSTIGSTRATE>0</TEMPGSTIGSTRATE>
        <TEMPGSTSTATECESSRATE>0</TEMPGSTSTATECESSRATE>
        <TEMPGSTCESSRATE>0</TEMPGSTCESSRATE>
        <TEMPGSTCESSQTYRATE>0</TEMPGSTCESSQTYRATE>
        <DENOMINATIONCOUNT2000X>0</DENOMINATIONCOUNT2000X>
        <DENOMINATIONCOUNT1000X>0</DENOMINATIONCOUNT1000X>
        <DENOMINATIONCOUNT500X>0</DENOMINATIONCOUNT500X>
        <DENOMINATIONCOUNT200X>0</DENOMINATIONCOUNT200X>
        <DENOMINATIONCOUNT100X>0</DENOMINATIONCOUNT100X>
        <DENOMINATIONCOUNT50X>0</DENOMINATIONCOUNT50X>
        <DENOMINATIONCOUNT20X>0</DENOMINATIONCOUNT20X>
        <DENOMINATIONCOUNT10X>0</DENOMINATIONCOUNT10X>
        <DENOMINATIONCOUNT5X>0</DENOMINATIONCOUNT5X>
        <DENOMINATIONCOUNT2X>0</DENOMINATIONCOUNT2X>
        <DENOMINATIONCOUNT1X>0</DENOMINATIONCOUNT1X>
        <DENOMINATIONAMOUNTOTHERS/>
        <CURRPARTYLEDGERNAME/>
        <TEMPVATCLASSIFICATION/>
        <TEMPGSTOVRDNINELIGIBLEITC/>
        <TEMPGSTOVRDNISREVCHARGEAPPL/>
        <TEMPGSTSOURCE/>
        <TEMPHSNSOURCE/>
        <TEMPTDSSECTIONNO/>
        <TEMPTDSNOP/>
        <TEMPTDSDEDNSTATUS/>
        <TEMPTDSRESSTATUS/>
        <TEMPTAXCHEQUENUMBER/>
        <TEMPTAXCHEQUEDATE/>
        <TEMPTAXBSRCODE/>
        <TEMPTAXCHALLANNUMBER/>
        <TEMPTAXCHALLANDATE/>
        <TEMPTAXBANKNAME/>
        <TEMPTAXBANKBRANCHNAME/>
        <ISACCEPTASIS/>
        <INVOICEROUNDINGDIFFVAL/>
        <VATGCCTAXAMOUNT/>
        <GSTCOMPDUTYAMOUNT/>
        <EXCISETEMPDUTYVAL/>
        <ISVATADJLEDGER/>
        <VATASSESMENTATE>0</VATASSESMENTATE>
        <GSTLEDGERDISCOUNT/>
        <GVATLEDGEREXCISE/>
        <GSTDUTYAMOUNT/>
        <RBVATTAXAMOUNT/>
        <SALESCESSTAXAMOUNT/>
        <TEMPHSNEFFDATE/>
        <TEMPTAXRATEEFFDATE/>
        <TEMPPREVLEDGERNAME/>
        <TEMPPREVINCLLEDNAME/>
        <SERVICETAXDETAILS.LIST>        </SERVICETAXDETAILS.LIST>
        <BANKALLOCATIONS.LIST>        </BANKALLOCATIONS.LIST>
        <BILLALLOCATIONS.LIST>        </BILLALLOCATIONS.LIST>
        <INTERESTCOLLECTION.LIST>        </INTERESTCOLLECTION.LIST>
        <OLDAUDITENTRIES.LIST>        </OLDAUDITENTRIES.LIST>
        <ACCOUNTAUDITENTRIES.LIST>        </ACCOUNTAUDITENTRIES.LIST>
        <AUDITENTRIES.LIST>        </AUDITENTRIES.LIST>
        <INPUTCRALLOCS.LIST>        </INPUTCRALLOCS.LIST>
        <DUTYHEADDETAILS.LIST>        </DUTYHEADDETAILS.LIST>
        <EXCISEDUTYHEADDETAILS.LIST>        </EXCISEDUTYHEADDETAILS.LIST>
        <RATEDETAILS.LIST>        </RATEDETAILS.LIST>
        <SUMMARYALLOCS.LIST>        </SUMMARYALLOCS.LIST>
        <CENVATDUTYALLOCATIONS.LIST>        </CENVATDUTYALLOCATIONS.LIST>
        <STPYMTDETAILS.LIST>        </STPYMTDETAILS.LIST>
        <EXCISEPAYMENTALLOCATIONS.LIST>        </EXCISEPAYMENTALLOCATIONS.LIST>
        <TAXBILLALLOCATIONS.LIST>        </TAXBILLALLOCATIONS.LIST>
        <TAXOBJECTALLOCATIONS.LIST>        </TAXOBJECTALLOCATIONS.LIST>
        <TDSEXPENSEALLOCATIONS.LIST>        </TDSEXPENSEALLOCATIONS.LIST>
        <VATSTATUTORYDETAILS.LIST>        </VATSTATUTORYDETAILS.LIST>
        <COSTTRACKALLOCATIONS.LIST>        </COSTTRACKALLOCATIONS.LIST>
        <REFVOUCHERDETAILS.LIST>        </REFVOUCHERDETAILS.LIST>
        <INVOICEWISEDETAILS.LIST>        </INVOICEWISEDETAILS.LIST>
        <VATITCDETAILS.LIST>        </VATITCDETAILS.LIST>
        <ADVANCETAXDETAILS.LIST>        </ADVANCETAXDETAILS.LIST>
        <TAXTYPEALLOCATIONS.LIST>        </TAXTYPEALLOCATIONS.LIST>
       </ACCOUNTINGALLOCATIONS.LIST>
       <DUTYHEADDETAILS.LIST>       </DUTYHEADDETAILS.LIST>
       <RATEDETAILS.LIST>       </RATEDETAILS.LIST>
       <SUPPLEMENTARYDUTYHEADDETAILS.LIST>       </SUPPLEMENTARYDUTYHEADDETAILS.LIST>
       <TAXOBJECTALLOCATIONS.LIST>       </TAXOBJECTALLOCATIONS.LIST>
       <REFVOUCHERDETAILS.LIST>       </REFVOUCHERDETAILS.LIST>
       <EXCISEALLOCATIONS.LIST>       </EXCISEALLOCATIONS.LIST>
       <EXPENSEALLOCATIONS.LIST>       </EXPENSEALLOCATIONS.LIST>
      </ALLINVENTORYENTRIES.LIST>
      <CONTRITRANS.LIST>      </CONTRITRANS.LIST>
      <EWAYBILLERRORLIST.LIST>      </EWAYBILLERRORLIST.LIST>
      <IRNERRORLIST.LIST>      </IRNERRORLIST.LIST>
      <HARYANAVAT.LIST>      </HARYANAVAT.LIST>
      <SUPPLEMENTARYDUTYHEADDETAILS.LIST>      </SUPPLEMENTARYDUTYHEADDETAILS.LIST>
      <INVOICEDELNOTES.LIST>      </INVOICEDELNOTES.LIST>
      <INVOICEORDERLIST.LIST>      </INVOICEORDERLIST.LIST>
      <INVOICEINDENTLIST.LIST>      </INVOICEINDENTLIST.LIST>
      <ATTENDANCEENTRIES.LIST>      </ATTENDANCEENTRIES.LIST>
      <ORIGINVOICEDETAILS.LIST>      </ORIGINVOICEDETAILS.LIST>
      <INVOICEEXPORTLIST.LIST>      </INVOICEEXPORTLIST.LIST>
      <LEDGERENTRIES.LIST>
       <OLDAUDITENTRYIDS.LIST TYPE="Number">
        <OLDAUDITENTRYIDS>-1</OLDAUDITENTRYIDS>
       </OLDAUDITENTRYIDS.LIST>
       <ORIGPURCHINVDATE/>
       <NARRATION/>
       <ADDLALLOCTYPE/>
       <TAXCLASSIFICATIONNAME/>
       <APPROPRIATEFOR/>
       <GSTDUTYHEAD/>
       <GSTAPPROPRIATETO/>
       <NOTIFICATIONSLNO/>
       <EXCISEALLOCTYPE/>
       <SWIFTCODE/>
       <ROUNDTYPE/>
       <LEDGERNAME>Delhi Distributors</LEDGERNAME>
       <TAXUNITNAME/>
       <STATNATURENAME/>
       <GOODSTYPE/>
       <VATTRADENAME/>
       <METHODTYPE/>
       <CLASSRATE/>
       <STATCLASSIFICATIONNAME/>
       <EXCISECLASSIFICATIONNAME/>
       <ISZRBASICSERVICE/>
       <VATCOMMODITYNAME/>
       <SCHEDULE/>
       <SCHEDULESERIALNUMBER/>
       <VATCOMMODITYCODE/>
       <VATSUBCOMMODITYCODE/>
       <VATMAJORCOMMODITYNAME/>
       <STRDGSTDERIVEDLOCATIONTYPE/>
       <STRDGSTDERIVEDTAXABILITY/>
       <STRDGSTDERIVEDNATURETYPE/>
       <STRDGSTDERIVEDSUPPLYTYPE/>
       <TDSPARTYNAME/>
       <VATPARTYORGNAME/>
       <XBRLADJTYPE/>
       <VOUCHERFBTCATEGORY/>
       <TYPEOFTAXPAYMENT/>
       <VATCALCULATIONTYPE/>
       <VATWORKSCONTRACTTYPE/>
       <VATWCDESCRIPTION/>
       <GSTCLASS>&#4; Not Applicable</GSTCLASS>
       <SCHVIADJTYPE/>
       <GSTOVRDNCLASSIFICATION/>
       <GSTOVRDNNATURE/>
       <GSTOVRDNINELIGIBLEITC/>
       <GSTOVRDNISREVCHARGEAPPL/>
       <GSTOVRDNTAXABILITY/>
       <GSTHSNSACCODE/>
       <GSTSOURCETYPE/>
       <GSTITEMSOURCE/>
       <GSTLEDGERSOURCE/>
       <GSTGROUPSOURCE/>
       <GSTSTOCKGROUPSOURCE/>
       <HSNSOURCETYPE/>
       <HSNITEMSOURCE/>
       <HSNLEDGERSOURCE/>
       <HSNGROUPSOURCE/>
       <HSNSTOCKGROUPSOURCE/>
       <GSTOVRDNSTOREDNATURE/>
       <GSTOVRDNTYPEOFSUPPLY/>
       <GSTRATEINFERAPPLICABILITY/>
       <GSTOVRDNNATUREOFGOODS/>
       <GSTHSNNAME/>
       <GSTHSNDESCRIPTION/>
       <GSTHSNINFERAPPLICABILITY/>
       <HSNOVRDNCLASSIFICATION/>
       <STRDGSTFINALNATUREOFENTRY/>
       <STRDGSTDUTYHEAD/>
       <VATGOODSNATURE/>
       <GSTDEPGSTCLASSIFICATION/>
       <GSTDEPHSNCLASSIFICATION/>
       <POSPAYMENTTYPE/>
       <GSTPARTYLEDGER/>
       <ORIGPURCHPARTY/>
       <ORIGPURCHPARTYADDRESS/>
       <ORIGPURCHINVNO/>
       <ORIGPURCHNOTE/>
       <ISDEEMEDPOSITIVE>No</ISDEEMEDPOSITIVE>
       <LEDGERFROMITEM>No</LEDGERFROMITEM>
       <REMOVEZEROENTRIES>No</REMOVEZEROENTRIES>
       <ISPARTYLEDGER>Yes</ISPARTYLEDGER>
       <GSTOVERRIDDEN>No</GSTOVERRIDDEN>
       <ISGSTASSESSABLEVALUEOVERRIDDEN>No</ISGSTASSESSABLEVALUEOVERRIDDEN>
       <STRDISGSTAPPLICABLE>No</STRDISGSTAPPLICABLE>
       <STRDGSTISPARTYLEDGER>No</STRDGSTISPARTYLEDGER>
       <STRDGSTISDUTYLEDGER>No</STRDGSTISDUTYLEDGER>
       <CONTENTNEGISPOS>No</CONTENTNEGISPOS>
       <ISLASTDEEMEDPOSITIVE>No</ISLASTDEEMEDPOSITIVE>
       <ISCAPVATTAXALTERED>No</ISCAPVATTAXALTERED>
       <ISCAPVATNOTCLAIMED>No</ISCAPVATNOTCLAIMED>
       <STCRADJPERCENT>0</STCRADJPERCENT>
       <ROUNDLIMIT>0</ROUNDLIMIT>
       <RATEOFADDLVAT>0</RATEOFADDLVAT>
       <RATEOFCESSONVAT>0</RATEOFCESSONVAT>
       <VATTAXRATE>0</VATTAXRATE>
       <VATITEMQTY>0</VATITEMQTY>
       <VATWCDEDUCTRATE>0</VATWCDEDUCTRATE>
       <PREVINVTOTALNUM>0</PREVINVTOTALNUM>
       <VATWCDEDUCTIONRATE>0</VATWCDEDUCTIONRATE>
       <GSTTAXRATE>0</GSTTAXRATE>
       <ORIGINVGOODSQTY>0</ORIGINVGOODSQTY>
       <CAPVATTAXRATE>0</CAPVATTAXRATE>
       <AMOUNT>28000.00</AMOUNT>
       <CESSASSVALONCLASS/>
       <ADDNLVATCLASSAMT/>
       <EIDISCOUNTAMT/>
       <FBTEXEMPTAMOUNT/>
       <VATASSESSABLEVALUE/>
       <VATWCCOSTOFLAND/>
       <VATWCDEDLABOURCHARGES/>
       <VATWCOTHERDEDUCTIONAMT/>
       <VATWCVALUEOFTAXFREEGOODS/>
       <VATWCOTHERCHARGES/>
       <VATWCSUBCONTRACTORAMT/>
       <VATWCDEDUCTAMT/>
       <WCTOTALDEDUCTIONAMT/>
       <PREVAMOUNT/>
       <PREVINVTOTALAMT/>
       <VATWCDEDUCTIONAMOUNT/>
       <ORIGINVGOODSVALUE/>
       <CENVATCAPTINPUTAMT/>
       <GSTASSESSABLEVALUE/>
       <IGSTLIABILITY/>
       <CGSTLIABILITY/>
       <SGSTLIABILITY/>
       <GSTCESSLIABILITY/>
       <GSTOVRDNASSESSABLEVALUE/>
       <GSTASSBLVALUE/>
       <STRDCOMPUTEDASSESSABLEVALUE/>
       <STRDCOMPUTEDIGST/>
       <STRDCOMPUTEDCGST/>
       <STRDCOMPUTEDSGST/>
       <STRDCOMPUTEDCESS/>
       <STRDCOMPUTEDCESSONQTY/>
       <ORIGINVGOODSTAXVALUE/>
       <VATWCESTABLISHMENTCOST/>
       <VATWCCONTRACTORPROFIT/>
       <VATWCPLANNINGDESIGNFEES/>
       <VATWCMACHINERYTOOLSCHARGES/>
       <VATWCCONSUMABLESCOST/>
       <VATEXPAMOUNT/>
       <VATASSBLVALUE/>
       <VATACCEPTEDTAXAMT/>
       <VATACCEPTEDADDLTAXAMT/>
       <CASHRECEIVED/>
       <CAPVATASSEABLEVALUE/>
       <CAPVATTAXVALUE/>
       <ORIGPURCHVALUE/>
       <SUPPLYMARGVAL/>
       <STRDAPPRSTATECESSGST/>
       <STRDAPPROPRIATEDDISCOUNT/>
       <STRDEXCISETAX/>
       <TEMPGSTCGSTRATE>0</TEMPGSTCGSTRATE>
       <TEMPGSTSGSTRATE>0</TEMPGSTSGSTRATE>
       <TEMPGSTIGSTRATE>0</TEMPGSTIGSTRATE>
       <TEMPGSTSTATECESSRATE>0</TEMPGSTSTATECESSRATE>
       <TEMPGSTCESSRATE>0</TEMPGSTCESSRATE>
       <TEMPGSTCESSQTYRATE>0</TEMPGSTCESSQTYRATE>
       <DENOMINATIONCOUNT2000X>0</DENOMINATIONCOUNT2000X>
       <DENOMINATIONCOUNT1000X>0</DENOMINATIONCOUNT1000X>
       <DENOMINATIONCOUNT500X>0</DENOMINATIONCOUNT500X>
       <DENOMINATIONCOUNT200X>0</DENOMINATIONCOUNT200X>
       <DENOMINATIONCOUNT100X>0</DENOMINATIONCOUNT100X>
       <DENOMINATIONCOUNT50X>0</DENOMINATIONCOUNT50X>
       <DENOMINATIONCOUNT20X>0</DENOMINATIONCOUNT20X>
       <DENOMINATIONCOUNT10X>0</DENOMINATIONCOUNT10X>
       <DENOMINATIONCOUNT5X>0</DENOMINATIONCOUNT5X>
       <DENOMINATIONCOUNT2X>0</DENOMINATIONCOUNT2X>
       <DENOMINATIONCOUNT1X>0</DENOMINATIONCOUNT1X>
       <DENOMINATIONAMOUNTOTHERS/>
       <CURRPARTYLEDGERNAME/>
       <TEMPVATCLASSIFICATION/>
       <TEMPGSTOVRDNINELIGIBLEITC/>
       <TEMPGSTOVRDNISREVCHARGEAPPL/>
       <TEMPGSTSOURCE/>
       <TEMPHSNSOURCE/>
       <TEMPTDSSECTIONNO/>
       <TEMPTDSNOP/>
       <TEMPTDSDEDNSTATUS/>
       <TEMPTDSRESSTATUS/>
       <TEMPTAXCHEQUENUMBER/>
       <TEMPTAXCHEQUEDATE/>
       <TEMPTAXBSRCODE/>
       <TEMPTAXCHALLANNUMBER/>
       <TEMPTAXCHALLANDATE/>
       <TEMPTAXBANKNAME/>
       <TEMPTAXBANKBRANCHNAME/>
       <ISACCEPTASIS/>
       <INVOICEROUNDINGDIFFVAL/>
       <VATGCCTAXAMOUNT/>
       <GSTCOMPDUTYAMOUNT/>
       <EXCISETEMPDUTYVAL/>
       <ISVATADJLEDGER/>
       <VATASSESMENTATE>0</VATASSESMENTATE>
       <GSTLEDGERDISCOUNT/>
       <GVATLEDGEREXCISE/>
       <GSTDUTYAMOUNT/>
       <RBVATTAXAMOUNT/>
       <SALESCESSTAXAMOUNT/>
       <TEMPHSNEFFDATE/>
       <TEMPTAXRATEEFFDATE/>
       <TEMPPREVLEDGERNAME/>
       <TEMPPREVINCLLEDNAME/>
       <SERVICETAXDETAILS.LIST>       </SERVICETAXDETAILS.LIST>
       <BANKALLOCATIONS.LIST>       </BANKALLOCATIONS.LIST>
       <BILLALLOCATIONS.LIST>
        <YEAREND/>
        <NAME>PUR-002</NAME>
        <BILLCREDITPERIOD/>
        <TDSDEDUCTEESECTIONNUMBER/>
        <TDSLEDGERNC/>
        <SERVICETAXLEDGER/>
        <BILLTYPE>New Ref</BILLTYPE>
        <SUMNAME/>
        <TDSDEDUCTEEISSPECIALRATE>No</TDSDEDUCTEEISSPECIALRATE>
        <TDSDEDUCTEESPECIALRATE>0</TDSDEDUCTEESPECIALRATE>
        <AMOUNT>28000.00</AMOUNT>
        <INTERESTCOLLECTION.LIST>        </INTERESTCOLLECTION.LIST>
        <STBILLCATEGORIES.LIST>        </STBILLCATEGORIES.LIST>
       </BILLALLOCATIONS.LIST>
       <INTERESTCOLLECTION.LIST>       </INTERESTCOLLECTION.LIST>
       <OLDAUDITENTRIES.LIST>       </OLDAUDITENTRIES.LIST>
       <ACCOUNTAUDITENTRIES.LIST>       </ACCOUNTAUDITENTRIES.LIST>
       <AUDITENTRIES.LIST>       </AUDITENTRIES.LIST>
       <INPUTCRALLOCS.LIST>       </INPUTCRALLOCS.LIST>
       <DUTYHEADDETAILS.LIST>       </DUTYHEADDETAILS.LIST>
       <EXCISEDUTYHEADDETAILS.LIST>       </EXCISEDUTYHEADDETAILS.LIST>
       <RATEDETAILS.LIST>       </RATEDETAILS.LIST>
       <SUMMARYALLOCS.LIST>       </SUMMARYALLOCS.LIST>
       <CENVATDUTYALLOCATIONS.LIST>       </CENVATDUTYALLOCATIONS.LIST>
       <STPYMTDETAILS.LIST>       </STPYMTDETAILS.LIST>
       <EXCISEPAYMENTALLOCATIONS.LIST>       </EXCISEPAYMENTALLOCATIONS.LIST>
       <TAXBILLALLOCATIONS.LIST>       </TAXBILLALLOCATIONS.LIST>
       <TAXOBJECTALLOCATIONS.LIST>       </TAXOBJECTALLOCATIONS.LIST>
       <TDSEXPENSEALLOCATIONS.LIST>       </TDSEXPENSEALLOCATIONS.LIST>
       <VATSTATUTORYDETAILS.LIST>       </VATSTATUTORYDETAILS.LIST>
       <COSTTRACKALLOCATIONS.LIST>       </COSTTRACKALLOCATIONS.LIST>
       <REFVOUCHERDETAILS.LIST>       </REFVOUCHERDETAILS.LIST>
       <INVOICEWISEDETAILS.LIST>       </INVOICEWISEDETAILS.LIST>
       <VATITCDETAILS.LIST>       </VATITCDETAILS.LIST>
       <ADVANCETAXDETAILS.LIST>       </ADVANCETAXDETAILS.LIST>
       <TAXTYPEALLOCATIONS.LIST>       </TAXTYPEALLOCATIONS.LIST>
      </LEDGERENTRIES.LIST>
      <GST.LIST>      </GST.LIST>
      <STKJRNLADDLCOSTDETAILS.LIST>      </STKJRNLADDLCOSTDETAILS.LIST>
      <PAYROLLMODEOFPAYMENT.LIST>      </PAYROLLMODEOFPAYMENT.LIST>
      <ATTDRECORDS.LIST>      </ATTDRECORDS.LIST>
      <GSTEWAYCONSIGNORADDRESS.LIST>      </GSTEWAYCONSIGNORADDRESS.LIST>
      <GSTEWAYCONSIGNEEADDRESS.LIST>      </GSTEWAYCONSIGNEEADDRESS.LIST>
      <TEMPGSTRATEDETAILS.LIST>      </TEMPGSTRATEDETAILS.LIST>
      <TEMPGSTADVADJUSTED.LIST>      </TEMPGSTADVADJUSTED.LIST>
      <GSTBUYERADDRESS.LIST>      </GSTBUYERADDRESS.LIST>
      <GSTCONSIGNEEADDRESS.LIST>      </GSTCONSIGNEEADDRESS.LIST>
     </VOUCHER>
    </TALLYMESSAGE>
    <TALLYMESSAGE xmlns:UDF="TallyUDF">
     <VOUCHER REMOTEID="4f4b301a-1b53-4744-b942-cc755b053d67-00000005" VCHKEY="4f4b301a-1b53-4744-b942-cc755b053d67-0000b2b3:00000028" VCHTYPE="Receipt" ACTION="Create" OBJVIEW="Accounting Voucher View">
      <OLDAUDITENTRYIDS.LIST TYPE="Number">
       <OLDAUDITENTRYIDS>-1</OLDAUDITENTRYIDS>
      </OLDAUDITENTRYIDS.LIST>
      <VATREGISTRATIONDATE/>
      <CSTREGISTRATIONDATE/>
      <FROMDATE/>
      <TODATE/>
      <ACTIVETO/>
      <ALTEREDON/>
      <DATE>20250401</DATE>
      <LUTDATEOFISSUE/>
      <LUTEXPIRYDATE/>
      <BONDDATEOFISSUE/>
      <BONDEXPIRYDATE/>
      <TAXCHEQUEDATE/>
      <TAXCHALLANDATE/>
      <REFERENCEDATE/>
      <SHIPPINGBILLDATE/>
      <BILLOFENTRYDATE/>
      <VATPARTYTRANSRETURNDATE/>
      <ORIGINALVCHDATE/>
      <ISDDOCUMENTDATE/>
      <IRNCANCELDATE/>
      <IRNACKDATE/>
      <RECONCILATIONDATE/>
      <FORM16ISSUEDATE/>
      <CSTFORMISSUEDATE/>
      <CSTFORMRECVDATE/>
      <CERTIFICATEDATE/>
      <TRADERMFGRINVOICEDT/>
      <FBTFROMDATE/>
      <FBTTODATE/>
      <RETURNINVOICEDATE/>
      <AGGREMENTORDERDATE/>
      <GOODSRCPTDATE/>
      <LORRYRECPTDATE/>
      <TRANSSALELANDINGDATE/>
      <TRANSBUYERLANDINGDATE/>
      <CREDITLETTERDATE/>
      <AIRWAYBILLDATE/>
      <VATORDERDATE/>
      <INVDELIVERYDATE/>
      <BILLOFLADINGDATE/>
      <VATDEPOSITDATE/>
      <VATDOCUMENTDATE/>
      <VATCHALLANDATE/>
      <ECDATE/>
      <VATTDSDATE/>
      <ADJFROMDATE/>
      <ADJTODATE/>
      <VATDDCHEQUEDATE/>
      <VATDUEDATE/>
      <VATINTDATE/>
      <VATDELAY/>
      <VATGRNDATE/>
      <REFUNDORDERDT/>
      <VATFORMSUBMISSIONDATE/>
      <VATCANCSALESINVOICEDATE/>
      <VATFORMTWELVEDATE/>
      <UTKAGREEORDDATE/>
      <UTKGOODSDELDATE/>
      <VATBILTYDATE/>
      <EIDESPDATE/>
      <VATCSTE1SERIESDATE/>
      <VCHVATDEPOSITDATE/>
      <VCHREFERENCEDATE/>
      <TAXPAYPERIODFROMDATE/>
      <TAXPAYPERIODTODATE/>
      <STTAXCHALLANDATE/>
      <GSTCHALLANDATE/>
      <GSTCHALLANEXPIRYDATE/>
      <ADJPARTYINVOICEDATE/>
      <ADJPARTYPAYMENTDATE/>
      <PARTYORDERDATE/>
      <ADVANCERECEIPTDATE/>
      <REFUNDVOUCHERDATE/>
      <VCHSTATUSDATE>20250401</VCHSTATUSDATE>
      <PAYMENTLINKEXPIRYDATE/>
      <VATSUBMISSIONDATE/>
      <PARTYINVDATE/>
      <INSPDOCDATE/>
      <VATCANCINVDATE/>
      <VATGOODSRECEIPTDATE/>
      <VATCSTE1DATE/>
      <DISPATCHDATE/>
      <AUDITEDON/>
      <GUID>4f4b301a-1b53-4744-b942-cc755b053d67-00000005</GUID>
      <VATDISTRICTNAME/>
      <GSTREGISTRATIONTYPE/>
      <VATDEALERTYPE/>
      <STATENAME/>
      <PRICELEVEL/>
      <TDSNATUREOFPAYMENT/>
      <AUTOCOSTLEVEL/>
      <PURPOSETYPE/>
      <NARRATION/>
      <ENTEREDBY/>
      <ALTEREDBY/>
      <TYPEOFUPDATEACTIVITY/>
      <OBJECTUPDATEACTION/>
      <REQUESTORRULE/>
      <COUNTRYOFRESIDENCE/>
      <IMPORTEREXPORTERCODE/>
      <PARTYGSTIN/>
      <VATDEALERNATURE/>
      <NATUREOFSALES/>
      <EXCISENOTIFICATIONNO/>
      <PLACEOFSUPPLY/>
      <LUTNUMBER/>
      <BONDNUMBER/>
      <AUTHORITYNAME/>
      <AUTHORITYADDRESS/>
      <TAXUNITNAME/>
      <ITEMSTATE/>
      <EXCISEUNITNAME/>
      <VOUCHERTYPENAME>Receipt</VOUCHERTYPENAME>
      <CLASSNAME/>
      <POSCARDLEDGER/>
      <POSCASHLEDGER/>
      <POSGIFTLEDGER/>
      <POSCHEQUELEDGER/>
      <SECTIONNAME/>
      <EXCISECLASSIFICATIONNAME/>
      <TDSSECTIONNO/>
      <TDSDEDNSTATUS/>
      <TAXBANKCHALLANNUMBER/>
      <TAXCHALLANBSRCODE/>
      <TAXCHEQUENUMBER/>
      <TAXBANKNAME/>
      <TAXBANKBRANCHNAME/>
      <PARTYNAME/>
      <GSTREGISTRATION/>
      <CMPGSTIN/>
      <RETURNNAME/>
      <ECOMMERCEGSTIN/>
      <PARTYLEDGERNAME>Rajesh Traders</PARTYLEDGERNAME>
      <VOUCHERNUMBER>1</VOUCHERNUMBER>
      <TAXADJUSTMENT/>
      <BUYERADDRESSTYPE/>
      <PORTCODE/>
      <SHIPPINGBILLNO/>
      <BILLOFENTRYNO/>
      <VATPARTYTRANSRETURNNUMBER/>
      <BASICBUYERNAME/>
      <CMPGSTREGISTRATIONTYPE/>
      <URDORIGINALSALEVALUE/>
      <GSTNATUREOFRETURN/>
      <ORIGINALVCHNUMBER/>
      <ISDDOCUMENTNUMBER/>
      <TAXPAYMENTTYPE/>
      <STATPAYMENTTYPE/>
      <GSTADDITIONALDETAILS/>
      <REFERENCE/>
      <GSTITCDOCUMENTTYPE/>
      <PARTYMAILINGNAME/>
      <PARTYPINCODE/>
      <IRN/>
      <IRNCANCELREASON/>
      <IRNCANCELCODE/>
      <BILLTOPLACE/>
      <DISPATCHFROMNAME/>
      <DISPATCHFROMSTATENAME/>
      <DISPATCHFROMPINCODE/>
      <DISPATCHFROMPLACE/>
      <SHIPTOPLACE/>
      <CONSIGNEEGSTIN/>
      <CONSIGNEEMAILINGNAME/>
      <CONSIGNEEPINCODE/>
      <CONSIGNEESTATENAME/>
      <CMPGSTSTATE/>
      <IRNQRCODE/>
      <CONSIGNEECOUNTRYNAME/>
      <PARTYADDRESSTYPE/>
      <GSTSUPPLYTYPE/>
      <IRNACKNO/>
      <IRNIRPSOURCE/>
      <REMARKS/>
      <BASICBASEPARTYNAME/>
      <BASICVOUCHERCHEQUENAME/>
      <BASICVOUCHERCROSSCOMMENT/>
      <EXCHGCURRENCYNAME/>
      <SERIALMASTER/>
      <SERIALNUMBER/>
      <STATADJUSTMENTTYPE/>
      <CONSIGNEEIECODE/>
      <SUPPLIERIECODE/>
      <ARESERIALMASTER/>
      <ARESERIALNUMBER/>
      <SUMAUTOVCHNUM/>
      <VCHRETAINEDPURPOSE/>
      <NUMBERINGSTYLE>Auto Retain</NUMBERINGSTYLE>
      <OPBALANCEUSEDFOR/>
      <TAXBANKACCOUNTNUMBER/>
      <TDSADJUSTMENTTYPE/>
      <CSTFORMISSUETYPE>&#4; Not Applicable</CSTFORMISSUETYPE>
      <CSTFORMISSUENUMBER/>
      <CSTFORMRECVTYPE>&#4; Not Applicable</CSTFORMRECVTYPE>
      <CSTFORMRECVNUMBER/>
      <CONSIGNEECSTNUMBER/>
      <BUYERSCSTNUMBER/>
      <CSTFORMISSUESERIESNUM/>
      <CSTFORMRECVSERIESNUM/>
      <EXCISETREASURYNUMBER/>
      <EXCISETREASURYNAME/>
      <CERTIFICATETYPE/>
      <CERTIFICATENUMBER/>
      <AREFORMTYPE/>
      <DESTINATIONTAXUNIT/>
      <TRADERCONSVATTINNO/>
      <TRADERCONSEXCISEREGNNO/>
      <TRADERCONSRANGE/>
      <TRADERCONSDIVISION/>
      <TRADERCONSCOMMISSIONERATE/>
      <TRADERSUPPEXCISEREGNNO/>
      <TRADERSUPPRANGE/>
      <TRADERSUPPDIVISION/>
      <TRADERSUPPCOMMISSIONERATE/>
      <TRADERMFGREXCISEREGNNO/>
      <TRADERMFGRRANGE/>
      <TRADERMFGRDIVISION/>
      <TRADERMFGRCOMMISSIONERATE/>
      <TRADERMFGRNAME/>
      <TRADERMFGRINVOICENO/>
      <FBTPAYMENTTYPE>Default</FBTPAYMENTTYPE>
      <POSCARDNUMBER/>
      <POSCHEQUENUMBER/>
      <POSCHEQUEBANKNAME/>
      <CHALLANTYPE/>
      <CHEQUEDEPOSITORNAME/>
      <EXCISENOTIFICATIONSERIALNO/>
      <PERSISTEDVIEW>Accounting Voucher View</PERSISTEDVIEW>
      <EXCISETARIFFTYPE/>
      <CONSIGNEELBTREGNNO/>
      <CONSIGNEELBTZONE/>
      <SUPPLIERLBTREGNNO/>
      <SUPPLIERLBTZONE/>
      <LBTMAPPEDCATEGORY/>
      <LBTMAPPEDZONE/>
      <LBTNATUREOFLIABILITY/>
      <CASHPARTYPAN/>
      <CASHPARTYDEDTYPE/>
      <VCHTAXTYPE/>
      <TCSADJUSTMENTTYPE/>
      <PURPOSEOFPURCHASE/>
      <POINTOFTRANSACTION/>
      <TRANSPORTERNAME/>
      <TRANSPORTMODE/>
      <AGGREMENTORDERNO/>
      <FOREIGNSELLERNAME/>
      <EXPORTERCOUNTRY/>
      <GOODSVEHICLENUMBER/>
      <SHIPNAME/>
      <SHIPAGENTNAME/>
      <CLEARINGAGENTNAME/>
      <LORRYRECPTNO/>
      <CARRIERNAME/>
      <CREDITLETTERREF/>
      <AIRWAYBILLNO/>
      <FWDAGENTNAME/>
      <VATORDERNO/>
      <VATSELLERTIN/>
      <TRANSSOURCEPLACE/>
      <TRANSCATEGORY/>
      <VATDOCUMENTTYPE/>
      <VATTRANSBILLQTY/>
      <VATTRANSBILLNO/>
      <BILLOFLADINGNO/>
      <VATPAIDAGAINST/>
      <VATBANKNAME/>
      <VATBANKBRANCH/>
      <VATDDCHEQUENO/>
      <VATADJUSTMENTTYPE/>
      <VATFORMSTATUS/>
      <VATDOCUMENTNUMBER/>
      <VATSOURCESTATE/>
      <VATDESTINATIONSTATE/>
      <VATDESTINATIONPLACE/>
      <VATPARTYORGTYPE/>
      <VATPARTYTYPE/>
      <VATCHALLANNUMBER/>
      <VATDESIGOFPURCHASER/>
      <VATPURCHASERCPTTYPE/>
      <VATGOODSRCPTNO/>
      <VATPARTYORGNAME/>
      <AIRPORTNAME/>
      <TDNOFAWARDER/>
      <ECNUMBER/>
      <ECISSUINGAUTHORITY/>
      <CONTRACTORTIN/>
      <VATTDSBARCODE/>
      <VATPYMTMODEOFDEPOSIT/>
      <VATPYMTTAXDESC/>
      <VATBANKACCNUMBER/>
      <VATBRANCHCODE/>
      <VATTRANSSOURCE/>
      <VATADJADDLDETAILS/>
      <VATBRANCHNAME/>
      <PRIORITYSTATECONFLICT/>
      <EICHECKPOST/>
      <PORTNAME/>
      <VATEFORMAPPLICABLE/>
      <VATEFORMAPPLICABLENO/>
      <VATINCOURSEOF/>
      <VATDISPATCHTIME/>
      <VATTRANSPORTERADDRESS/>
      <VATCONTRACTEETDN/>
      <VATCONTRACTEEDISTRICT/>
      <VATCONTRACTEENAME/>
      <CONSUMERIDENTIFICATIONNUMBER/>
      <VATVCHRHANDLE/>
      <VATCHALLANNO/>
      <TAXINVOICENO/>
      <VATTREASURY/>
      <VATTYPE/>
      <VATISSUEBANK/>
      <BOOKNUMBER/>
      <VATCHALLANAGAINST/>
      <VATPAYMENTMODE/>
      <VATDEMANDPURPOSE/>
      <VATFORM38NO/>
      <VATCUSTOMSENTRYNO/>
      <VATPARTNERNAME/>
      <VATDRIVERADDRESS/>
      <VATSOURCEDISTRICT/>
      <VATDESTINATIONDISTRICT/>
      <VATLICENSESTATE/>
      <VATVEHICLENO/>
      <VATWAYBILLNUMBER/>
      <VATCHECKPOSTNAME/>
      <VATCANCSALESINVOICENO/>
      <VATCANCSALESPARTYNAME/>
      <VATCANCSALESPARTYCSTTIN/>
      <VATFORMTWELVENO/>
      <UTKAGREEORDNO/>
      <UTKTRNSPORTCMPNAME/>
      <UTKTRANSPORTMODE/>
      <UTKTRANSPORTVEHNO/>
      <VATBILTYNO/>
      <VATFORM49NO/>
      <VATCATEGORYTYPE/>
      <VATWAYBILLQTY/>
      <VCHVATDOCUMENTTYPE/>
      <REFUNDORDERNO/>
      <VATPURPOSECODE/>
      <VATDESCRIPTION/>
      <DEPOTNAME/>
      <CMPTYPEOFDEVICE/>
      <CMPDEVICENO/>
      <VATBANK/>
      <VATBRANCH/>
      <VATDRAFTCHEQUENO/>
      <VATWCDESC/>
      <VATCHECKPOST/>
      <VATCSTE1SERIESNUMBER/>
      <VATCSTE1SERIALNUMBER/>
      <BUYERPINNO/>
      <CONSIGNEEPINNO/>
      <VATEXEMPTCERTIFINO/>
      <VATWAYBILLNO/>
      <VATBRIEFDESC/>
      <VATEXPORTENTRYNUMBER/>
      <STTVCHRHANDLE/>
      <SRVTREGNUMBER/>
      <STTAXBANKCHALLANNUMBER/>
      <TYPEOFEXCISEVOUCHER/>
      <GSTBANKNAME/>
      <GSTBANKACCOUNTNUMBER/>
      <GSTBANKACCOUNTTYPE/>
      <GSTBANKACCOUNTHOLDER/>
      <GSTBANKBRANCHADDRESS/>
      <GSTBANKIFSCCODE/>
      <GSTBANKMICRCODE/>
      <GSTDEBITDOCNUMBER/>
      <GSTPYMTMODEOFDEPOSIT/>
      <GSTBANKBRANCHNAME/>
      <GSTINSTRUMENTNUMBER/>
      <GSTCHALLANNUMBER/>
      <GSTCPINNUMBER/>
      <GSTCINNUMBER/>
      <ADJPARTYGSTIN/>
      <ADJPARTYINVOICENO/>
      <GSTMERCHANTID/>
      <PARTYORDERNO/>
      <GSTITCREVERSALDETAILS/>
      <GSTACTIVITYSTATUS/>
      <GSTRECONSTATUS/>
      <GSTREASONFORREJECTION/>
      <ADVANCERECEIPTNUMBER/>
      <REFUNDVOUCHERNUMBER/>
      <GSTNATURE/>
      <VCHTAXUNIT/>
      <DISPATCHFROMADDRESSTYPE/>
      <VCHSTATUSTAXADJUSTMENT>Default</VCHSTATUSTAXADJUSTMENT>
      <VCHSTATUSVOUCHERTYPE>Receipt</VCHSTATUSVOUCHERTYPE>
      <VCHSTATUSTAXUNIT/>
      <PAYMENTLINK/>
      <BASICSHIPPEDBY/>
      <BASICDESTINATIONCOUNTRY/>
      <BASICPLACEOFRECEIPT/>
      <BASICSHIPDOCUMENTNO/>
      <BASICPORTOFLOADING/>
      <BASICPORTOFDISCHARGE/>
      <BASICFINALDESTINATION/>
      <BASICORDERREF/>
      <BASICSHIPVESSELNO/>
      <BASICBUYERSSALESTAXNO/>
      <BASICDUEDATEOFPYMT/>
      <BASICSERIALNUMINPLA/>
      <BASICDATETIMEOFINVOICE/>
      <BASICDATETIMEOFREMOVAL/>
      <MFGRADDRESSTYPE/>
      <TRANSPORTERADDRROOM/>
      <TRANSPORTERADDRBLDG/>
      <TRANSPORTERADDRROAD/>
      <TRANSPORTERADDRAREA/>
      <TRANSPORTERADDRTOWN/>
      <TRANSPORTERADDRDIST/>
      <TRANSPORTERADDRSTATE/>
      <TRANSPORTERADDRPINCODE/>
      <TRANSPORTERADDRPHONE/>
      <TRANSPORTERADDRFAX/>
      <TRANSPORTERVEHICLE2/>
      <TRANSPORTLOCALTIN/>
      <VATCFORMISSUESTATE/>
      <PLACEOFSUPPLYSTATE/>
      <PLACEOFSUPPLYCOUNTRY/>
      <EMIRATEPOS/>
      <VCHGSTCLASS>&#4; Not Applicable</VCHGSTCLASS>
      <COSTCENTRENAME/>
      <ADDITIONALNARRATION/>
      <PARTYINVNO/>
      <INSPDOCNO/>
      <SETTLEMENTTYPE/>
      <VOUCHERTIME/>
      <HOLDREFERENCE/>
      <VATCANCINVNO/>
      <VATCANCPURCTIN/>
      <VATCANCPURCNAME/>
      <VATTYPEOFDEVICE/>
      <VATBRIEFDESCRIPTION/>
      <VATDEVICENO/>
      <BUYERPINNUMBER/>
      <VATEXPORTENTRYNO/>
      <CONSIGNEEPINNUMBER/>
      <VATEXEMPTCERTIFICATENO/>
      <VATVEHICLENUMBER/>
      <VATGOODSRECEIPTNUMBER/>
      <VATMOBILENUMBER/>
      <VATCSTE1SERIESNO/>
      <VATCSTE1SERIALNO/>
      <VATPERMITFORM/>
      <VATCERTIFICATENO/>
      <CONSIGNEECIRCLE/>
      <CONSIGNEECITY/>
      <CONSIGNEEMOBILENUMBER/>
      <CONSIGNEEOTHERS/>
      <CONSIGNEEMAIL/>
      <DELIVERYCITY/>
      <DELIVERYPINCODE/>
      <DELIVERYOTHERS/>
      <DELIVERYSTATE/>
      <DISPATCHCITY/>
      <DISPATCHPINCODE/>
      <DESTINATIONPERMITNUMBER/>
      <ENTRYCHECKPOSTLOCATION/>
      <EXITCHECKPOSTLOCATION/>
      <VATTDSDEDUCTORNAME/>
      <VCHENTRYMODE/>
      <ISDDCNOTEDOCNUMBER/>
      <OPENINGVCHFOR/>
      <VOUCHERTYPEORIGNAME/>
      <DOCUMENTID/>
      <EXCHANGEPURPOSE/>
      <DIFFACTUALQTY>No</DIFFACTUALQTY>
      <ISMSTFROMSYNC>No</ISMSTFROMSYNC>
      <ISDELETED>No</ISDELETED>
      <ISSECURITYONWHENENTERED>No</ISSECURITYONWHENENTERED>
      <ASORIGINAL>No</ASORIGINAL>
      <AUDITED>No</AUDITED>
      <ISCOMMONPARTY>No</ISCOMMONPARTY>
      <FORJOBCOSTING>No</FORJOBCOSTING>
      <ISOPTIONAL>No</ISOPTIONAL>
      <EFFECTIVEDATE>20250401</EFFECTIVEDATE>
      <USEFOREXCISE>No</USEFOREXCISE>
      <ISFORJOBWORKIN>No</ISFORJOBWORKIN>
      <ALLOWCONSUMPTION>No</ALLOWCONSUMPTION>
      <USEFORINTEREST>No</USEFORINTEREST>
      <USEFORGAINLOSS>No</USEFORGAINLOSS>
      <USEFORGODOWNTRANSFER>No</USEFORGODOWNTRANSFER>
      <USEFORCOMPOUND>No</USEFORCOMPOUND>
      <USEFORSERVICETAX>No</USEFORSERVICETAX>
      <ISREVERSECHARGEAPPLICABLE>No</ISREVERSECHARGEAPPLICABLE>
      <ISSYSTEM>No</ISSYSTEM>
      <ISFETCHEDONLY>No</ISFETCHEDONLY>
      <ISGSTOVERRIDDEN>No</ISGSTOVERRIDDEN>
      <ISCANCELLED>No</ISCANCELLED>
      <ISONHOLD>No</ISONHOLD>
      <ISSUMMARY>No</ISSUMMARY>
      <ISECOMMERCESUPPLY>No</ISECOMMERCESUPPLY>
      <ISBOENOTAPPLICABLE>No</ISBOENOTAPPLICABLE>
      <ISGSTSECSEVENAPPLICABLE>No</ISGSTSECSEVENAPPLICABLE>
      <IGNOREEINVVALIDATION>No</IGNOREEINVVALIDATION>
      <CMPGSTISOTHTERRITORYASSESSEE>No</CMPGSTISOTHTERRITORYASSESSEE>
      <PARTYGSTISOTHTERRITORYASSESSEE>No</PARTYGSTISOTHTERRITORYASSESSEE>
      <IRNJSONEXPORTED>No</IRNJSONEXPORTED>
      <IRNCANCELLED>No</IRNCANCELLED>
      <IGNOREGSTCONFLICTINMIG>No</IGNOREGSTCONFLICTINMIG>
      <ISOPBALTRANSACTION>No</ISOPBALTRANSACTION>
      <IGNOREGSTFORMATVALIDATION>No</IGNOREGSTFORMATVALIDATION>
      <ISELIGIBLEFORITC>Yes</ISELIGIBLEFORITC>
      <IGNOREGSTOPTIONALUNCERTAIN>No</IGNOREGSTOPTIONALUNCERTAIN>
      <UPDATESUMMARYVALUES>No</UPDATESUMMARYVALUES>
      <ISEWAYBILLAPPLICABLE>No</ISEWAYBILLAPPLICABLE>
      <ISDELETEDRETAINED>No</ISDELETEDRETAINED>
      <ISNULL>No</ISNULL>
      <ISEXCISEVOUCHER>No</ISEXCISEVOUCHER>
      <EXCISETAXOVERRIDE>No</EXCISETAXOVERRIDE>
      <USEFORTAXUNITTRANSFER>No</USEFORTAXUNITTRANSFER>
      <ISEXER1NOPOVERWRITE>No</ISEXER1NOPOVERWRITE>
      <ISEXF2NOPOVERWRITE>No</ISEXF2NOPOVERWRITE>
      <ISEXER3NOPOVERWRITE>No</ISEXER3NOPOVERWRITE>
      <IGNOREPOSVALIDATION>No</IGNOREPOSVALIDATION>
      <EXCISEOPENING>No</EXCISEOPENING>
      <USEFORFINALPRODUCTION>No</USEFORFINALPRODUCTION>
      <ISTDSOVERRIDDEN>No</ISTDSOVERRIDDEN>
      <ISTCSOVERRIDDEN>No</ISTCSOVERRIDDEN>
      <ISTDSTCSCASHVCH>No</ISTDSTCSCASHVCH>
      <INCLUDEADVPYMTVCH>No</INCLUDEADVPYMTVCH>
      <ISSUBWORKSCONTRACT>No</ISSUBWORKSCONTRACT>
      <ISVATOVERRIDDEN>No</ISVATOVERRIDDEN>
      <IGNOREORIGVCHDATE>No</IGNOREORIGVCHDATE>
      <ISVATPAIDATCUSTOMS>No</ISVATPAIDATCUSTOMS>
      <ISDECLAREDTOCUSTOMS>No</ISDECLAREDTOCUSTOMS>
      <VATADVANCEPAYMENT>No</VATADVANCEPAYMENT>
      <VATADVPAY>No</VATADVPAY>
      <ISCSTDELCAREDGOODSSALES>No</ISCSTDELCAREDGOODSSALES>
      <ISVATRESTAXINV>No</ISVATRESTAXINV>
      <ISSERVICETAXOVERRIDDEN>No</ISSERVICETAXOVERRIDDEN>
      <ISISDVOUCHER>No</ISISDVOUCHER>
      <ISEXCISEOVERRIDDEN>No</ISEXCISEOVERRIDDEN>
      <ISEXCISESUPPLYVCH>No</ISEXCISESUPPLYVCH>
      <GSTNOTEXPORTED>No</GSTNOTEXPORTED>
      <IGNOREGSTINVALIDATION>No</IGNOREGSTINVALIDATION>
      <ISGSTREFUND>No</ISGSTREFUND>
      <OVRDNEWAYBILLAPPLICABILITY>No</OVRDNEWAYBILLAPPLICABILITY>
      <ISVATPRINCIPALACCOUNT>No</ISVATPRINCIPALACCOUNT>
      <VCHSTATUSISVCHNUMUSED>No</VCHSTATUSISVCHNUMUSED>
      <VCHGSTSTATUSISINCLUDED>No</VCHGSTSTATUSISINCLUDED>
      <VCHGSTSTATUSISUNCERTAIN>No</VCHGSTSTATUSISUNCERTAIN>
      <VCHGSTSTATUSISEXCLUDED>No</VCHGSTSTATUSISEXCLUDED>
      <VCHGSTSTATUSISAPPLICABLE>No</VCHGSTSTATUSISAPPLICABLE>
      <VCHGSTSTATUSISGSTR2BRECONCILED>No</VCHGSTSTATUSISGSTR2BRECONCILED>
      <VCHGSTSTATUSISGSTR2BONLYINPORTAL>No</VCHGSTSTATUSISGSTR2BONLYINPORTAL>
      <VCHGSTSTATUSISGSTR2BONLYINBOOKS>No</VCHGSTSTATUSISGSTR2BONLYINBOOKS>
      <VCHGSTSTATUSISGSTR2BMISMATCH>No</VCHGSTSTATUSISGSTR2BMISMATCH>
      <VCHGSTSTATUSISGSTR2BINDIFFPERIOD>No</VCHGSTSTATUSISGSTR2BINDIFFPERIOD>
      <VCHGSTSTATUSISRETEFFDATEOVERRDN>No</VCHGSTSTATUSISRETEFFDATEOVERRDN>
      <VCHGSTSTATUSISOVERRDN>No</VCHGSTSTATUSISOVERRDN>
      <VCHGSTSTATUSISSTATINDIFFDATE>No</VCHGSTSTATUSISSTATINDIFFDATE>
      <VCHGSTSTATUSISRETINDIFFDATE>No</VCHGSTSTATUSISRETINDIFFDATE>
      <VCHGSTSTATUSMAINSECTIONEXCLUDED>No</VCHGSTSTATUSMAINSECTIONEXCLUDED>
      <VCHGSTSTATUSISBRANCHTRANSFEROUT>No</VCHGSTSTATUSISBRANCHTRANSFEROUT>
      <VCHGSTSTATUSISSYSTEMSUMMARY>No</VCHGSTSTATUSISSYSTEMSUMMARY>
      <VCHSTATUSISUNREGISTEREDRCM>No</VCHSTATUSISUNREGISTEREDRCM>
      <VCHSTATUSISOPTIONAL>No</VCHSTATUSISOPTIONAL>
      <VCHSTATUSISCANCELLED>No</VCHSTATUSISCANCELLED>
      <VCHSTATUSISDELETED>No</VCHSTATUSISDELETED>
      <VCHSTATUSISOPENINGBALANCE>No</VCHSTATUSISOPENINGBALANCE>
      <VCHSTATUSISFETCHEDONLY>No</VCHSTATUSISFETCHEDONLY>
      <VCHGSTSTATUSISOPTIONALUNCERTAIN>No</VCHGSTSTATUSISOPTIONALUNCERTAIN>
      <VCHSTATUSISREACCEPTFORHSNDONE>No</VCHSTATUSISREACCEPTFORHSNDONE>
      <VCHSTATUSISREACCEPHSNSIXONEDONE>No</VCHSTATUSISREACCEPHSNSIXONEDONE>
      <PAYMENTLINKHASMULTIREF>No</PAYMENTLINKHASMULTIREF>
      <ISSHIPPINGWITHINSTATE>No</ISSHIPPINGWITHINSTATE>
      <ISOVERSEASTOURISTTRANS>No</ISOVERSEASTOURISTTRANS>
      <ISDESIGNATEDZONEPARTY>No</ISDESIGNATEDZONEPARTY>
      <HASCASHFLOW>Yes</HASCASHFLOW>
      <ISPOSTDATED>No</ISPOSTDATED>
      <USETRACKINGNUMBER>No</USETRACKINGNUMBER>
      <ISINVOICE>No</ISINVOICE>
      <MFGJOURNAL>No</MFGJOURNAL>
      <HASDISCOUNTS>No</HASDISCOUNTS>
      <ASPAYSLIP>No</ASPAYSLIP>
      <ISCOSTCENTRE>No</ISCOSTCENTRE>
      <ISSTXNONREALIZEDVCH>No</ISSTXNONREALIZEDVCH>
      <ISEXCISEMANUFACTURERON>No</ISEXCISEMANUFACTURERON>
      <ISBLANKCHEQUE>No</ISBLANKCHEQUE>
      <ISVOID>No</ISVOID>
      <ORDERLINESTATUS>No</ORDERLINESTATUS>
      <VATISAGNSTCANCSALES>No</VATISAGNSTCANCSALES>
      <VATISPURCEXEMPTED>No</VATISPURCEXEMPTED>
      <ISVATRESTAXINVOICE>No</ISVATRESTAXINVOICE>
      <VATISASSESABLECALCVCH>No</VATISASSESABLECALCVCH>
      <ISVATDUTYPAID>Yes</ISVATDUTYPAID>
      <ISDELIVERYSAMEASCONSIGNEE>No</ISDELIVERYSAMEASCONSIGNEE>
      <ISDISPATCHSAMEASCONSIGNOR>No</ISDISPATCHSAMEASCONSIGNOR>
      <ISDELETEDVCHRETAINED>No</ISDELETEDVCHRETAINED>
      <VCHONLYADDLINFOUPDATED>No</VCHONLYADDLINFOUPDATED>
      <CHANGEVCHMODE>No</CHANGEVCHMODE>
      <RESETIRNQRCODE>No</RESETIRNQRCODE>
      <ERRKEY>0</ERRKEY>
      <ALTERID> 5</ALTERID>
      <MASTERID> 5</MASTERID>
      <QRCODECRC>0</QRCODECRC>
      <EXCHANGEACTIVITYID>0</EXCHANGEACTIVITYID>
      <VOUCHERKEY>196481868890152</VOUCHERKEY>
      <VOUCHERRETAINKEY>1</VOUCHERRETAINKEY>
      <ECFEERATE>0</ECFEERATE>
      <VATCONSIGNMENTNO>0</VATCONSIGNMENTNO>
      <VATRATEOFTAX>0</VATRATEOFTAX>
      <EIDISCOUNTRATE>0</EIDISCOUNTRATE>
      <WBTRANSFERASSESSRATE>0</WBTRANSFERASSESSRATE>
      <VATWCDEDUCTIONPERC>0</VATWCDEDUCTIONPERC>
      <ISGSTOVRDNCRC>0</ISGSTOVRDNCRC>
      <IGNGSTFMTCRC>0</IGNGSTFMTCRC>
      <IGNEINVVALIDCRC>0</IGNEINVVALIDCRC>
      <IGNEXTNVALIDCRC>0</IGNEXTNVALIDCRC>
      <IGNPARTBVALIDCRC>0</IGNPARTBVALIDCRC>
      <IGNTRANSIDVALIDCRC>0</IGNTRANSIDVALIDCRC>
      <IGNGENERATIONVALIDCRC>0</IGNGENERATIONVALIDCRC>
      <IGNGSTVALIDCRC>0</IGNGSTVALIDCRC>
      <IGNGSTOPTUNCERTCRC>0</IGNGSTOPTUNCERTCRC>
      <RATEOFINVOICETAX>0</RATEOFINVOICETAX>
      <VCHSTATUSDUMMYLONG>0</VCHSTATUSDUMMYLONG>
      <VATTDSRATE>0</VATTDSRATE>
      <REUSEHOLEID>0</REUSEHOLEID>
      <BONDAMOUNT/>
      <POSCASHRECEIVED/>
      <CUSTOMDUTYPAID/>
      <VATPARTYITCCLAIMED/>
      <VATPARTYTAXLIABILITY/>
      <VALUEOFWORKSCONTRACT/>
      <ECFEEAMOUNT/>
      <ECFEEDEPOSITBYAWARDER/>
      <ECFEEDEPOSITBYCONTRACTOR/>
      <TDSDEDUCTED/>
      <VALUEOFSUBWORKSCONT/>
      <VATTDSAMT/>
      <VATPURCHASEVALUE/>
      <MAHWCASSESSABLEVALUE/>
      <WBTRANSFERBASEVALUE/>
      <VATWCDEDUCTIONAMT/>
      <VATWCOTHERDEDUCTAMT/>
      <CESSASSVALONCLASS/>
      <ADDNLVATCLASSAMT/>
      <ADJPARTYINVOICEVALUE/>
      <GSTINVASSESSABLEVALUE/>
      <EIDISCOUNTAMT/>
      <PAYMENTLINKAMOUNT/>
      <VATGOODSVALUE/>
      <EXCHGRATE/>
      <PROCESSINGDURATION/>
      <VOUCHERNUMBERSERIES>Default</VOUCHERNUMBERSERIES>
      <UPDATEDDATETIME>000000000</UPDATEDDATETIME>
      <IRNACKUPDATEDATETIME>000000000</IRNACKUPDATEDATETIME>
      <TEMPFROMDATE/>
      <TEMPGSTEWAYCONSIGNORADDRESSTYPE/>
      <TEMPGSTEWAYCONSIGNEEADDRESSTYPE/>
      <POSGIFTLEDGERAMOUNT/>
      <POSCARDLEDGERAMOUNT/>
      <POSCHEQUELEDGERAMOUNT/>
      <POSCASHLEDGERAMOUNT/>
      <TEMPCCCLASS/>
      <EIDEFAULTLED_ISZRBASICSERVICE/>
      <PREVBOMNAME/>
      <CURBOMNAME/>
      <COMMONNATUREOFPAYMENT/>
      <COMMONISBASEDONREALIZATION/>
      <COMMONISTDSDEDUCTED/>
      <TEMPISVCHSUPPLFILLED/>
      <CURRPARTYLEDGERNAME/>
      <CURRBASICBUYERNAME/>
      <CURRPARTYNAME/>
      <CURRBUYERADDRESSTYPE/>
      <CURRPARTYADDRESSTYPE/>
      <CURRSTATENAME/>
      <CURRBASICPURCHASEORDERNO/>
      <CURRBASICSHIPDELIVERYNOTE/>
      <POSSTAXPARTYLEDGERNAME/>
      <ISCSTAGTFORMC/>
      <EIDEFAULTLED_ISUSERDEFINED/>
      <EIDEFAULTLED_CLASSNAME/>
      <EIDEFAULTLED_CLASSRATE>0</EIDEFAULTLED_CLASSRATE>
      <EIDEFAULTLED_CLASSADDLRATE>0</EIDEFAULTLED_CLASSADDLRATE>
      <TEMPVATCLASSIFICATION/>
      <ISATTDDATAPRESERVED/>
      <TEMPGSTEWAYBILLNUMBER/>
      <TEMPGSTEWAYBILLDATE/>
      <TEMPGSTEWAYSUBTYPE/>
      <TEMPGSTEWAYDOCUMENTTYPE/>
      <TEMPGSTEWAYSTATUS/>
      <TEMPGSTEWAYISCANCELLED/>
      <TEMPGSTEWAYCONSIGNOR/>
      <TEMPGSTEWAYCONSIGNORADDRESS/>
      <TEMPGSTEWAYFROMPLACE/>
      <TEMPCONSIGNORPINCODENUMBER>0</TEMPCONSIGNORPINCODENUMBER>
      <TEMPGSTEWAYPINCODENUMBER>0</TEMPGSTEWAYPINCODENUMBER>
      <TEMPGSTEWAYPINCODE/>
      <TEMPGSTEWAYCONSIGNORTIN/>
      <TEMPGSTEWAYCONSIGNORSTATE/>
      <TEMPGSTEWAYCONSSHIPFROMSTATE/>
      <TEMPGSTEWAYCONSIGNEE/>
      <TEMPGSTEWAYCONSADDRESS/>
      <TEMPGSTEWAYCONSFROMPLACE/>
      <TEMPGSTEWAYCONSPINCODENUMBER>0</TEMPGSTEWAYCONSPINCODENUMBER>
      <TEMPCONSIGNEEPINCODENUMBER>0</TEMPCONSIGNEEPINCODENUMBER>
      <TEMPGSTEWAYCONSPINCODE/>
      <TEMPGSTEWAYCONSTIN/>
      <TEMPGSTEWAYCONSSTATE/>
      <TEMPGSTEWAYCONSSHIPTOSTATE/>
      <TEMPGSTEWAYTRANSPORTMODE/>
      <TEMPGSTEWAYDISTANCE>0</TEMPGSTEWAYDISTANCE>
      <TEMPGSTEWAYTRANSPORTERNAME/>
      <TEMPGSTEWAYVEHICLENUMBER/>
      <TEMPGSTEWAYTRANSPORTERID/>
      <TEMPGSTEWAYTRANSPORTERDOCNO/>
      <TEMPGSTEWAYTRANSPORTERDOCDATE/>
      <TEMPGSTEWAYVEHICLETYPE/>
      <TEMPGSTEWAYCONSBILLNUMBER/>
      <TEMPGSTEWAYCONSBILLDATE/>
      <TEMPISUSERDEFINEDCLASS/>
      <TEMPCLASSNATURE/>
      <TEMPGSTOVRDNINELIGIBLEITC/>
      <TEMPGSTOVRDNISREVCHARGEAPPL/>
      <TEMPGSTOVRDNTAXABILITY/>
      <TEMPGSTOVRDNISREVCHARGEAPPLSTR/>
      <TEMPGSTOVRDNINELIGIBLEITCSTR/>
      <TEMPGSTVCHDESTINATIONSTATE/>
      <TEMPGSTPARTYLEDLOCTYPE/>
      <TEMPGSTPARTYDEALERTYPE/>
      <TEMPGSTRISCOMMONPARTY/>
      <TEMPGSTRCOUNTRY/>
      <TEMPGSTRSTATE/>
      <TEMPGSTRTIN/>
      <TEMPGSTRDEALERTYPE/>
      <CURRGSTCOUNTRY/>
      <TEMPGSTSTATUS/>
      <IGNOREGSTRATECOPYDETAILS/>
      <IGNOREGSTHSNCOPYDETAILS/>
      <GSTBUYERNAME/>
      <GSTBUYERMAILINGNAME/>
      <GSTBUYERSTATE/>
      <GSTBUYERPINCODE/>
      <GSTBUYERGSTINREGTYPE/>
      <GSTBUYERGSTIN/>
      <GSTCONSIGNEENAME/>
      <GSTCONSIGNEEMAILINGNAME/>
      <GSTCONSIGNEESTATE/>
      <GSTCONSIGNEEPINCODE/>
      <GSTCONSIGNEEGSTIN/>
      <EWAYBILLDETAILS.LIST>      </EWAYBILLDETAILS.LIST>
      <EXCLUDEDTAXATIONS.LIST>      </EXCLUDEDTAXATIONS.LIST>
      <OLDAUDITENTRIES.LIST>      </OLDAUDITENTRIES.LIST>
      <ACCOUNTAUDITENTRIES.LIST>      </ACCOUNTAUDITENTRIES.LIST>
      <AUDITENTRIES.LIST>      </AUDITENTRIES.LIST>
      <DUTYHEADDETAILS.LIST>      </DUTYHEADDETAILS.LIST>
      <GSTADVADJDETAILS.LIST>      </GSTADVADJDETAILS.LIST>
      <CONTRITRANS.LIST>      </CONTRITRANS.LIST>
      <EWAYBILLERRORLIST.LIST>      </EWAYBILLERRORLIST.LIST>
      <IRNERRORLIST.LIST>      </IRNERRORLIST.LIST>
      <HARYANAVAT.LIST>      </HARYANAVAT.LIST>
      <SUPPLEMENTARYDUTYHEADDETAILS.LIST>      </SUPPLEMENTARYDUTYHEADDETAILS.LIST>
      <INVOICEDELNOTES.LIST>      </INVOICEDELNOTES.LIST>
      <INVOICEORDERLIST.LIST>      </INVOICEORDERLIST.LIST>
      <INVOICEINDENTLIST.LIST>      </INVOICEINDENTLIST.LIST>
      <ATTENDANCEENTRIES.LIST>      </ATTENDANCEENTRIES.LIST>
      <ORIGINVOICEDETAILS.LIST>      </ORIGINVOICEDETAILS.LIST>
      <INVOICEEXPORTLIST.LIST>      </INVOICEEXPORTLIST.LIST>
      <ALLLEDGERENTRIES.LIST>
       <OLDAUDITENTRYIDS.LIST TYPE="Number">
        <OLDAUDITENTRYIDS>-1</OLDAUDITENTRYIDS>
       </OLDAUDITENTRYIDS.LIST>
       <ORIGPURCHINVDATE/>
       <NARRATION/>
       <ADDLALLOCTYPE/>
       <TAXCLASSIFICATIONNAME/>
       <APPROPRIATEFOR/>
       <GSTDUTYHEAD/>
       <GSTAPPROPRIATETO/>
       <NOTIFICATIONSLNO/>
       <EXCISEALLOCTYPE/>
       <SWIFTCODE/>
       <ROUNDTYPE/>
       <LEDGERNAME>Rajesh Traders</LEDGERNAME>
       <TAXUNITNAME/>
       <STATNATURENAME/>
       <GOODSTYPE/>
       <VATTRADENAME/>
       <METHODTYPE/>
       <CLASSRATE/>
       <STATCLASSIFICATIONNAME/>
       <EXCISECLASSIFICATIONNAME/>
       <ISZRBASICSERVICE/>
       <VATCOMMODITYNAME/>
       <SCHEDULE/>
       <SCHEDULESERIALNUMBER/>
       <VATCOMMODITYCODE/>
       <VATSUBCOMMODITYCODE/>
       <VATMAJORCOMMODITYNAME/>
       <STRDGSTDERIVEDLOCATIONTYPE/>
       <STRDGSTDERIVEDTAXABILITY/>
       <STRDGSTDERIVEDNATURETYPE/>
       <STRDGSTDERIVEDSUPPLYTYPE/>
       <TDSPARTYNAME/>
       <VATPARTYORGNAME/>
       <XBRLADJTYPE/>
       <VOUCHERFBTCATEGORY/>
       <TYPEOFTAXPAYMENT/>
       <VATCALCULATIONTYPE/>
       <VATWORKSCONTRACTTYPE/>
       <VATWCDESCRIPTION/>
       <GSTCLASS>&#4; Not Applicable</GSTCLASS>
       <SCHVIADJTYPE/>
       <GSTOVRDNCLASSIFICATION/>
       <GSTOVRDNNATURE/>
       <GSTOVRDNINELIGIBLEITC/>
       <GSTOVRDNISREVCHARGEAPPL/>
       <GSTOVRDNTAXABILITY/>
       <GSTHSNSACCODE/>
       <GSTSOURCETYPE/>
       <GSTITEMSOURCE/>
       <GSTLEDGERSOURCE/>
       <GSTGROUPSOURCE/>
       <GSTSTOCKGROUPSOURCE/>
       <HSNSOURCETYPE/>
       <HSNITEMSOURCE/>
       <HSNLEDGERSOURCE/>
       <HSNGROUPSOURCE/>
       <HSNSTOCKGROUPSOURCE/>
       <GSTOVRDNSTOREDNATURE/>
       <GSTOVRDNTYPEOFSUPPLY/>
       <GSTRATEINFERAPPLICABILITY/>
       <GSTOVRDNNATUREOFGOODS/>
       <GSTHSNNAME/>
       <GSTHSNDESCRIPTION/>
       <GSTHSNINFERAPPLICABILITY/>
       <HSNOVRDNCLASSIFICATION/>
       <STRDGSTFINALNATUREOFENTRY/>
       <STRDGSTDUTYHEAD/>
       <VATGOODSNATURE/>
       <GSTDEPGSTCLASSIFICATION/>
       <GSTDEPHSNCLASSIFICATION/>
       <POSPAYMENTTYPE/>
       <GSTPARTYLEDGER/>
       <ORIGPURCHPARTY/>
       <ORIGPURCHPARTYADDRESS/>
       <ORIGPURCHINVNO/>
       <ORIGPURCHNOTE/>
       <ISDEEMEDPOSITIVE>No</ISDEEMEDPOSITIVE>
       <LEDGERFROMITEM>No</LEDGERFROMITEM>
       <REMOVEZEROENTRIES>No</REMOVEZEROENTRIES>
       <ISPARTYLEDGER>Yes</ISPARTYLEDGER>
       <GSTOVERRIDDEN>No</GSTOVERRIDDEN>
       <ISGSTASSESSABLEVALUEOVERRIDDEN>No</ISGSTASSESSABLEVALUEOVERRIDDEN>
       <STRDISGSTAPPLICABLE>No</STRDISGSTAPPLICABLE>
       <STRDGSTISPARTYLEDGER>No</STRDGSTISPARTYLEDGER>
       <STRDGSTISDUTYLEDGER>No</STRDGSTISDUTYLEDGER>
       <CONTENTNEGISPOS>No</CONTENTNEGISPOS>
       <ISLASTDEEMEDPOSITIVE>No</ISLASTDEEMEDPOSITIVE>
       <ISCAPVATTAXALTERED>No</ISCAPVATTAXALTERED>
       <ISCAPVATNOTCLAIMED>No</ISCAPVATNOTCLAIMED>
       <STCRADJPERCENT>0</STCRADJPERCENT>
       <ROUNDLIMIT>0</ROUNDLIMIT>
       <RATEOFADDLVAT>0</RATEOFADDLVAT>
       <RATEOFCESSONVAT>0</RATEOFCESSONVAT>
       <VATTAXRATE>0</VATTAXRATE>
       <VATITEMQTY>0</VATITEMQTY>
       <VATWCDEDUCTRATE>0</VATWCDEDUCTRATE>
       <PREVINVTOTALNUM>0</PREVINVTOTALNUM>
       <VATWCDEDUCTIONRATE>0</VATWCDEDUCTIONRATE>
       <GSTTAXRATE>0</GSTTAXRATE>
       <ORIGINVGOODSQTY>0</ORIGINVGOODSQTY>
       <CAPVATTAXRATE>0</CAPVATTAXRATE>
       <AMOUNT>8000.00</AMOUNT>
       <CESSASSVALONCLASS/>
       <ADDNLVATCLASSAMT/>
       <EIDISCOUNTAMT/>
       <FBTEXEMPTAMOUNT/>
       <VATASSESSABLEVALUE/>
       <VATWCCOSTOFLAND/>
       <VATWCDEDLABOURCHARGES/>
       <VATWCOTHERDEDUCTIONAMT/>
       <VATWCVALUEOFTAXFREEGOODS/>
       <VATWCOTHERCHARGES/>
       <VATWCSUBCONTRACTORAMT/>
       <VATWCDEDUCTAMT/>
       <WCTOTALDEDUCTIONAMT/>
       <PREVAMOUNT/>
       <PREVINVTOTALAMT/>
       <VATWCDEDUCTIONAMOUNT/>
       <ORIGINVGOODSVALUE/>
       <CENVATCAPTINPUTAMT/>
       <GSTASSESSABLEVALUE/>
       <IGSTLIABILITY/>
       <CGSTLIABILITY/>
       <SGSTLIABILITY/>
       <GSTCESSLIABILITY/>
       <GSTOVRDNASSESSABLEVALUE/>
       <GSTASSBLVALUE/>
       <STRDCOMPUTEDASSESSABLEVALUE/>
       <STRDCOMPUTEDIGST/>
       <STRDCOMPUTEDCGST/>
       <STRDCOMPUTEDSGST/>
       <STRDCOMPUTEDCESS/>
       <STRDCOMPUTEDCESSONQTY/>
       <ORIGINVGOODSTAXVALUE/>
       <VATWCESTABLISHMENTCOST/>
       <VATWCCONTRACTORPROFIT/>
       <VATWCPLANNINGDESIGNFEES/>
       <VATWCMACHINERYTOOLSCHARGES/>
       <VATWCCONSUMABLESCOST/>
       <VATEXPAMOUNT/>
       <VATASSBLVALUE/>
       <VATACCEPTEDTAXAMT/>
       <VATACCEPTEDADDLTAXAMT/>
       <CASHRECEIVED/>
       <CAPVATASSEABLEVALUE/>
       <CAPVATTAXVALUE/>
       <ORIGPURCHVALUE/>
       <SUPPLYMARGVAL/>
       <STRDAPPRSTATECESSGST/>
       <STRDAPPROPRIATEDDISCOUNT/>
       <STRDEXCISETAX/>
       <TEMPGSTCGSTRATE>0</TEMPGSTCGSTRATE>
       <TEMPGSTSGSTRATE>0</TEMPGSTSGSTRATE>
       <TEMPGSTIGSTRATE>0</TEMPGSTIGSTRATE>
       <TEMPGSTSTATECESSRATE>0</TEMPGSTSTATECESSRATE>
       <TEMPGSTCESSRATE>0</TEMPGSTCESSRATE>
       <TEMPGSTCESSQTYRATE>0</TEMPGSTCESSQTYRATE>
       <DENOMINATIONCOUNT2000X>0</DENOMINATIONCOUNT2000X>
       <DENOMINATIONCOUNT1000X>0</DENOMINATIONCOUNT1000X>
       <DENOMINATIONCOUNT500X>0</DENOMINATIONCOUNT500X>
       <DENOMINATIONCOUNT200X>0</DENOMINATIONCOUNT200X>
       <DENOMINATIONCOUNT100X>0</DENOMINATIONCOUNT100X>
       <DENOMINATIONCOUNT50X>0</DENOMINATIONCOUNT50X>
       <DENOMINATIONCOUNT20X>0</DENOMINATIONCOUNT20X>
       <DENOMINATIONCOUNT10X>0</DENOMINATIONCOUNT10X>
       <DENOMINATIONCOUNT5X>0</DENOMINATIONCOUNT5X>
       <DENOMINATIONCOUNT2X>0</DENOMINATIONCOUNT2X>
       <DENOMINATIONCOUNT1X>0</DENOMINATIONCOUNT1X>
       <DENOMINATIONAMOUNTOTHERS/>
       <CURRPARTYLEDGERNAME/>
       <TEMPVATCLASSIFICATION/>
       <TEMPGSTOVRDNINELIGIBLEITC/>
       <TEMPGSTOVRDNISREVCHARGEAPPL/>
       <TEMPGSTSOURCE/>
       <TEMPHSNSOURCE/>
       <TEMPTDSSECTIONNO/>
       <TEMPTDSNOP/>
       <TEMPTDSDEDNSTATUS/>
       <TEMPTDSRESSTATUS/>
       <TEMPTAXCHEQUENUMBER/>
       <TEMPTAXCHEQUEDATE/>
       <TEMPTAXBSRCODE/>
       <TEMPTAXCHALLANNUMBER/>
       <TEMPTAXCHALLANDATE/>
       <TEMPTAXBANKNAME/>
       <TEMPTAXBANKBRANCHNAME/>
       <ISACCEPTASIS/>
       <INVOICEROUNDINGDIFFVAL/>
       <VATGCCTAXAMOUNT/>
       <GSTCOMPDUTYAMOUNT/>
       <EXCISETEMPDUTYVAL/>
       <ISVATADJLEDGER/>
       <VATASSESMENTATE>0</VATASSESMENTATE>
       <GSTLEDGERDISCOUNT/>
       <GVATLEDGEREXCISE/>
       <GSTDUTYAMOUNT/>
       <RBVATTAXAMOUNT/>
       <SALESCESSTAXAMOUNT/>
       <TEMPHSNEFFDATE/>
       <TEMPTAXRATEEFFDATE/>
       <TEMPPREVLEDGERNAME/>
       <TEMPPREVINCLLEDNAME/>
       <SERVICETAXDETAILS.LIST>       </SERVICETAXDETAILS.LIST>
       <BANKALLOCATIONS.LIST>       </BANKALLOCATIONS.LIST>
       <BILLALLOCATIONS.LIST>
        <YEAREND/>
        <NAME>1</NAME>
        <BILLCREDITPERIOD/>
        <TDSDEDUCTEESECTIONNUMBER/>
        <TDSLEDGERNC/>
        <SERVICETAXLEDGER/>
        <BILLTYPE>Agst Ref</BILLTYPE>
        <SUMNAME/>
        <TDSDEDUCTEEISSPECIALRATE>No</TDSDEDUCTEEISSPECIALRATE>
        <TDSDEDUCTEESPECIALRATE>0</TDSDEDUCTEESPECIALRATE>
        <AMOUNT>8000.00</AMOUNT>
        <INTERESTCOLLECTION.LIST>        </INTERESTCOLLECTION.LIST>
        <STBILLCATEGORIES.LIST>        </STBILLCATEGORIES.LIST>
       </BILLALLOCATIONS.LIST>
       <INTERESTCOLLECTION.LIST>       </INTERESTCOLLECTION.LIST>
       <OLDAUDITENTRIES.LIST>       </OLDAUDITENTRIES.LIST>
       <ACCOUNTAUDITENTRIES.LIST>       </ACCOUNTAUDITENTRIES.LIST>
       <AUDITENTRIES.LIST>       </AUDITENTRIES.LIST>
       <INPUTCRALLOCS.LIST>       </INPUTCRALLOCS.LIST>
       <DUTYHEADDETAILS.LIST>       </DUTYHEADDETAILS.LIST>
       <EXCISEDUTYHEADDETAILS.LIST>       </EXCISEDUTYHEADDETAILS.LIST>
       <RATEDETAILS.LIST>       </RATEDETAILS.LIST>
       <SUMMARYALLOCS.LIST>       </SUMMARYALLOCS.LIST>
       <CENVATDUTYALLOCATIONS.LIST>       </CENVATDUTYALLOCATIONS.LIST>
       <STPYMTDETAILS.LIST>       </STPYMTDETAILS.LIST>
       <EXCISEPAYMENTALLOCATIONS.LIST>       </EXCISEPAYMENTALLOCATIONS.LIST>
       <TAXBILLALLOCATIONS.LIST>       </TAXBILLALLOCATIONS.LIST>
       <TAXOBJECTALLOCATIONS.LIST>       </TAXOBJECTALLOCATIONS.LIST>
       <TDSEXPENSEALLOCATIONS.LIST>       </TDSEXPENSEALLOCATIONS.LIST>
       <VATSTATUTORYDETAILS.LIST>       </VATSTATUTORYDETAILS.LIST>
       <COSTTRACKALLOCATIONS.LIST>       </COSTTRACKALLOCATIONS.LIST>
       <REFVOUCHERDETAILS.LIST>       </REFVOUCHERDETAILS.LIST>
       <INVOICEWISEDETAILS.LIST>       </INVOICEWISEDETAILS.LIST>
       <VATITCDETAILS.LIST>       </VATITCDETAILS.LIST>
       <ADVANCETAXDETAILS.LIST>       </ADVANCETAXDETAILS.LIST>
       <TAXTYPEALLOCATIONS.LIST>       </TAXTYPEALLOCATIONS.LIST>
      </ALLLEDGERENTRIES.LIST>
      <ALLLEDGERENTRIES.LIST>
       <OLDAUDITENTRYIDS.LIST TYPE="Number">
        <OLDAUDITENTRYIDS>-1</OLDAUDITENTRYIDS>
       </OLDAUDITENTRYIDS.LIST>
       <ORIGPURCHINVDATE/>
       <NARRATION/>
       <ADDLALLOCTYPE/>
       <TAXCLASSIFICATIONNAME/>
       <APPROPRIATEFOR/>
       <GSTDUTYHEAD/>
       <GSTAPPROPRIATETO/>
       <NOTIFICATIONSLNO/>
       <EXCISEALLOCTYPE/>
       <SWIFTCODE/>
       <ROUNDTYPE/>
       <LEDGERNAME>HDFC Bank</LEDGERNAME>
       <TAXUNITNAME/>
       <STATNATURENAME/>
       <GOODSTYPE/>
       <VATTRADENAME/>
       <METHODTYPE/>
       <CLASSRATE/>
       <STATCLASSIFICATIONNAME/>
       <EXCISECLASSIFICATIONNAME/>
       <ISZRBASICSERVICE/>
       <VATCOMMODITYNAME/>
       <SCHEDULE/>
       <SCHEDULESERIALNUMBER/>
       <VATCOMMODITYCODE/>
       <VATSUBCOMMODITYCODE/>
       <VATMAJORCOMMODITYNAME/>
       <STRDGSTDERIVEDLOCATIONTYPE/>
       <STRDGSTDERIVEDTAXABILITY/>
       <STRDGSTDERIVEDNATURETYPE/>
       <STRDGSTDERIVEDSUPPLYTYPE/>
       <TDSPARTYNAME/>
       <VATPARTYORGNAME/>
       <XBRLADJTYPE/>
       <VOUCHERFBTCATEGORY/>
       <TYPEOFTAXPAYMENT/>
       <VATCALCULATIONTYPE/>
       <VATWORKSCONTRACTTYPE/>
       <VATWCDESCRIPTION/>
       <GSTCLASS>&#4; Not Applicable</GSTCLASS>
       <SCHVIADJTYPE/>
       <GSTOVRDNCLASSIFICATION/>
       <GSTOVRDNNATURE/>
       <GSTOVRDNINELIGIBLEITC/>
       <GSTOVRDNISREVCHARGEAPPL/>
       <GSTOVRDNTAXABILITY/>
       <GSTHSNSACCODE/>
       <GSTSOURCETYPE/>
       <GSTITEMSOURCE/>
       <GSTLEDGERSOURCE/>
       <GSTGROUPSOURCE/>
       <GSTSTOCKGROUPSOURCE/>
       <HSNSOURCETYPE/>
       <HSNITEMSOURCE/>
       <HSNLEDGERSOURCE/>
       <HSNGROUPSOURCE/>
       <HSNSTOCKGROUPSOURCE/>
       <GSTOVRDNSTOREDNATURE/>
       <GSTOVRDNTYPEOFSUPPLY/>
       <GSTRATEINFERAPPLICABILITY/>
       <GSTOVRDNNATUREOFGOODS/>
       <GSTHSNNAME/>
       <GSTHSNDESCRIPTION/>
       <GSTHSNINFERAPPLICABILITY/>
       <HSNOVRDNCLASSIFICATION/>
       <STRDGSTFINALNATUREOFENTRY/>
       <STRDGSTDUTYHEAD/>
       <VATGOODSNATURE/>
       <GSTDEPGSTCLASSIFICATION/>
       <GSTDEPHSNCLASSIFICATION/>
       <POSPAYMENTTYPE/>
       <GSTPARTYLEDGER/>
       <ORIGPURCHPARTY/>
       <ORIGPURCHPARTYADDRESS/>
       <ORIGPURCHINVNO/>
       <ORIGPURCHNOTE/>
       <ISDEEMEDPOSITIVE>Yes</ISDEEMEDPOSITIVE>
       <LEDGERFROMITEM>No</LEDGERFROMITEM>
       <REMOVEZEROENTRIES>No</REMOVEZEROENTRIES>
       <ISPARTYLEDGER>Yes</ISPARTYLEDGER>
       <GSTOVERRIDDEN>No</GSTOVERRIDDEN>
       <ISGSTASSESSABLEVALUEOVERRIDDEN>No</ISGSTASSESSABLEVALUEOVERRIDDEN>
       <STRDISGSTAPPLICABLE>No</STRDISGSTAPPLICABLE>
       <STRDGSTISPARTYLEDGER>No</STRDGSTISPARTYLEDGER>
       <STRDGSTISDUTYLEDGER>No</STRDGSTISDUTYLEDGER>
       <CONTENTNEGISPOS>No</CONTENTNEGISPOS>
       <ISLASTDEEMEDPOSITIVE>Yes</ISLASTDEEMEDPOSITIVE>
       <ISCAPVATTAXALTERED>No</ISCAPVATTAXALTERED>
       <ISCAPVATNOTCLAIMED>No</ISCAPVATNOTCLAIMED>
       <STCRADJPERCENT>0</STCRADJPERCENT>
       <ROUNDLIMIT>0</ROUNDLIMIT>
       <RATEOFADDLVAT>0</RATEOFADDLVAT>
       <RATEOFCESSONVAT>0</RATEOFCESSONVAT>
       <VATTAXRATE>0</VATTAXRATE>
       <VATITEMQTY>0</VATITEMQTY>
       <VATWCDEDUCTRATE>0</VATWCDEDUCTRATE>
       <PREVINVTOTALNUM>0</PREVINVTOTALNUM>
       <VATWCDEDUCTIONRATE>0</VATWCDEDUCTIONRATE>
       <GSTTAXRATE>0</GSTTAXRATE>
       <ORIGINVGOODSQTY>0</ORIGINVGOODSQTY>
       <CAPVATTAXRATE>0</CAPVATTAXRATE>
       <AMOUNT>-8000.00</AMOUNT>
       <CESSASSVALONCLASS/>
       <ADDNLVATCLASSAMT/>
       <EIDISCOUNTAMT/>
       <FBTEXEMPTAMOUNT/>
       <VATASSESSABLEVALUE/>
       <VATWCCOSTOFLAND/>
       <VATWCDEDLABOURCHARGES/>
       <VATWCOTHERDEDUCTIONAMT/>
       <VATWCVALUEOFTAXFREEGOODS/>
       <VATWCOTHERCHARGES/>
       <VATWCSUBCONTRACTORAMT/>
       <VATWCDEDUCTAMT/>
       <WCTOTALDEDUCTIONAMT/>
       <PREVAMOUNT/>
       <PREVINVTOTALAMT/>
       <VATWCDEDUCTIONAMOUNT/>
       <ORIGINVGOODSVALUE/>
       <CENVATCAPTINPUTAMT/>
       <GSTASSESSABLEVALUE/>
       <IGSTLIABILITY/>
       <CGSTLIABILITY/>
       <SGSTLIABILITY/>
       <GSTCESSLIABILITY/>
       <GSTOVRDNASSESSABLEVALUE/>
       <GSTASSBLVALUE/>
       <STRDCOMPUTEDASSESSABLEVALUE/>
       <STRDCOMPUTEDIGST/>
       <STRDCOMPUTEDCGST/>
       <STRDCOMPUTEDSGST/>
       <STRDCOMPUTEDCESS/>
       <STRDCOMPUTEDCESSONQTY/>
       <ORIGINVGOODSTAXVALUE/>
       <VATWCESTABLISHMENTCOST/>
       <VATWCCONTRACTORPROFIT/>
       <VATWCPLANNINGDESIGNFEES/>
       <VATWCMACHINERYTOOLSCHARGES/>
       <VATWCCONSUMABLESCOST/>
       <VATEXPAMOUNT/>
       <VATASSBLVALUE/>
       <VATACCEPTEDTAXAMT/>
       <VATACCEPTEDADDLTAXAMT/>
       <CASHRECEIVED/>
       <CAPVATASSEABLEVALUE/>
       <CAPVATTAXVALUE/>
       <ORIGPURCHVALUE/>
       <SUPPLYMARGVAL/>
       <STRDAPPRSTATECESSGST/>
       <STRDAPPROPRIATEDDISCOUNT/>
       <STRDEXCISETAX/>
       <TEMPGSTCGSTRATE>0</TEMPGSTCGSTRATE>
       <TEMPGSTSGSTRATE>0</TEMPGSTSGSTRATE>
       <TEMPGSTIGSTRATE>0</TEMPGSTIGSTRATE>
       <TEMPGSTSTATECESSRATE>0</TEMPGSTSTATECESSRATE>
       <TEMPGSTCESSRATE>0</TEMPGSTCESSRATE>
       <TEMPGSTCESSQTYRATE>0</TEMPGSTCESSQTYRATE>
       <DENOMINATIONCOUNT2000X>0</DENOMINATIONCOUNT2000X>
       <DENOMINATIONCOUNT1000X>0</DENOMINATIONCOUNT1000X>
       <DENOMINATIONCOUNT500X>0</DENOMINATIONCOUNT500X>
       <DENOMINATIONCOUNT200X>0</DENOMINATIONCOUNT200X>
       <DENOMINATIONCOUNT100X>0</DENOMINATIONCOUNT100X>
       <DENOMINATIONCOUNT50X>0</DENOMINATIONCOUNT50X>
       <DENOMINATIONCOUNT20X>0</DENOMINATIONCOUNT20X>
       <DENOMINATIONCOUNT10X>0</DENOMINATIONCOUNT10X>
       <DENOMINATIONCOUNT5X>0</DENOMINATIONCOUNT5X>
       <DENOMINATIONCOUNT2X>0</DENOMINATIONCOUNT2X>
       <DENOMINATIONCOUNT1X>0</DENOMINATIONCOUNT1X>
       <DENOMINATIONAMOUNTOTHERS/>
       <CURRPARTYLEDGERNAME/>
       <TEMPVATCLASSIFICATION/>
       <TEMPGSTOVRDNINELIGIBLEITC/>
       <TEMPGSTOVRDNISREVCHARGEAPPL/>
       <TEMPGSTSOURCE/>
       <TEMPHSNSOURCE/>
       <TEMPTDSSECTIONNO/>
       <TEMPTDSNOP/>
       <TEMPTDSDEDNSTATUS/>
       <TEMPTDSRESSTATUS/>
       <TEMPTAXCHEQUENUMBER/>
       <TEMPTAXCHEQUEDATE/>
       <TEMPTAXBSRCODE/>
       <TEMPTAXCHALLANNUMBER/>
       <TEMPTAXCHALLANDATE/>
       <TEMPTAXBANKNAME/>
       <TEMPTAXBANKBRANCHNAME/>
       <ISACCEPTASIS/>
       <INVOICEROUNDINGDIFFVAL/>
       <VATGCCTAXAMOUNT/>
       <GSTCOMPDUTYAMOUNT/>
       <EXCISETEMPDUTYVAL/>
       <ISVATADJLEDGER/>
       <VATASSESMENTATE>0</VATASSESMENTATE>
       <GSTLEDGERDISCOUNT/>
       <GVATLEDGEREXCISE/>
       <GSTDUTYAMOUNT/>
       <RBVATTAXAMOUNT/>
       <SALESCESSTAXAMOUNT/>
       <TEMPHSNEFFDATE/>
       <TEMPTAXRATEEFFDATE/>
       <TEMPPREVLEDGERNAME/>
       <TEMPPREVINCLLEDNAME/>
       <SERVICETAXDETAILS.LIST>       </SERVICETAXDETAILS.LIST>
       <BANKALLOCATIONS.LIST>
        <DATE>20250401</DATE>
        <INSTRUMENTDATE>20250401</INSTRUMENTDATE>
        <BANKERSDATE/>
        <INSTRUMENTRETURNDATE/>
        <PDCACTUALDATE/>
        <NAME>5d12ea1a-30c4-4515-8333-8717ccfd9b4b</NAME>
        <EMAIL/>
        <BRANCHNAME/>
        <TRANSACTIONTYPE>Cheque/DD</TRANSACTIONTYPE>
        <MICRCODE/>
        <IFSCODE/>
        <BANKNAME/>
        <NARRATION/>
        <PAYMENTGATEWAY/>
        <VIRTUALPAYMENTADDRESS/>
        <ACCOUNTNUMBER/>
        <PAYMENTFAVOURING>Rajesh Traders</PAYMENTFAVOURING>
        <TRANSACTIONNAME/>
        <ACCOUNTTYPE/>
        <DELIVERYMODE/>
        <DELIVERYTO/>
        <BANKLOCATION/>
        <CITY/>
        <PRINTLOCATION/>
        <PAYABLELOCATION/>
        <CHEQUECROSSCOMMENT/>
        <TRANSFERMODE/>
        <TRANSACTIONID/>
        <LOCALBANKCHANGES/>
        <BENEFICIARYBANKCHANGES/>
        <IMBCODE/>
        <BANKID/>
        <INSTRUMENTNUMBER/>
        <TRANSINDEX/>
        <UNIQUEREFERENCENUMBER>5Qf8eDr09rqe9v1w</UNIQUEREFERENCENUMBER>
        <BENEFICIARYCODE/>
        <STATUS>No</STATUS>
        <BANKERSREMARKS/>
        <CASHDENOMINATION/>
        <MERCHANTID/>
        <TERMINALID/>
        <APPROVALCODE/>
        <BATCHNUMBER/>
        <INVOICENUMBER/>
        <CARDNUMBER/>
        <BANKCODE/>
        <TIPREMARKS/>
        <PAYMENTMODE>Transacted</PAYMENTMODE>
        <SECONDARYSTATUS/>
        <BANKEMPLOYEENAME/>
        <BANKPARTYNAME>Rajesh Traders</BANKPARTYNAME>
        <PYMTADVICESTATUS/>
        <BRSGROUPID/>
        <CLEARINGBANKCODE/>
        <DRAWEEBANKCODE/>
        <PRINTLOCATIONCODE/>
        <PAYABLELOCATIONCODE/>
        <PDCREMARKS/>
        <SETID/>
        <BANKREFERENCE/>
        <TRANSACTIONDIGEST/>
        <ERRORCODE/>
        <RESERVATIONSTATUS/>
        <TYPEOFTRANSACTION/>
        <BANKMANUALSTATUS/>
        <MANUALSTATUSREMARKS/>
        <BANKSTATUS/>
        <BANKREFNUMBER/>
        <FILEREFERENCE/>
        <BEOPERATIONREFERENCE/>
        <BETRANSACTIONREFERENCE/>
        <DUPLICATEREFERENCE/>
        <BANKERSSTATUS/>
        <BANKOPERATIONREFERENCE/>
        <BANKPORTALREFERENCE/>
        <BANKTRANSACTIONREFERENCE/>
        <ISDELETED/>
        <ISCONNECTEDPAYMENT>No</ISCONNECTEDPAYMENT>
        <ISSPLIT>No</ISSPLIT>
        <ISCONTRACTUSED>No</ISCONTRACTUSED>
        <ISACCEPTEDWITHWARNING>No</ISACCEPTEDWITHWARNING>
        <ISTRANSFORCED>No</ISTRANSFORCED>
        <CHEQUEPRINTED> 1</CHEQUEPRINTED>
        <BANKKEYVALUESCRC>0</BANKKEYVALUESCRC>
        <AMOUNT>-8000.00</AMOUNT>
        <TIPAMOUNT/>
        <SECAMOUNT/>
        <VOIDAMOUNT/>
        <SETTLEAMOUNT/>
        <CHEQUERANGE/>
        <TEMPSTATUS/>
        <TEMPDATE/>
        <ISNICKNAMEFIELDEDITED/>
        <ISTRNTYPEFIELDEDITED/>
        <EBANKINGSTATUS/>
        <OLDRECONDRAMOUNT/>
        <OLDRECONCRAMOUNT/>
        <DENOMINATIONCOUNT2000X>0</DENOMINATIONCOUNT2000X>
        <DENOMINATIONCOUNT1000X>0</DENOMINATIONCOUNT1000X>
        <DENOMINATIONCOUNT500X>0</DENOMINATIONCOUNT500X>
        <DENOMINATIONCOUNT200X>0</DENOMINATIONCOUNT200X>
        <DENOMINATIONCOUNT100X>0</DENOMINATIONCOUNT100X>
        <DENOMINATIONCOUNT50X>0</DENOMINATIONCOUNT50X>
        <DENOMINATIONCOUNT20X>0</DENOMINATIONCOUNT20X>
        <DENOMINATIONCOUNT10X>0</DENOMINATIONCOUNT10X>
        <DENOMINATIONCOUNT5X>0</DENOMINATIONCOUNT5X>
        <DENOMINATIONCOUNT2X>0</DENOMINATIONCOUNT2X>
        <DENOMINATIONCOUNT1X>0</DENOMINATIONCOUNT1X>
        <DENOMINATIONAMOUNTOTHERS/>
        <CROSSCHEQUEEDITED/>
        <TEMPINSTRUMENTNO/>
        <BANKCRC/>
        <CONTRACTDETAILS.LIST>        </CONTRACTDETAILS.LIST>
        <BANKSTATUSINFO.LIST>        </BANKSTATUSINFO.LIST>
        <BANKOTHERREFERENCES.LIST>        </BANKOTHERREFERENCES.LIST>
       </BANKALLOCATIONS.LIST>
       <BILLALLOCATIONS.LIST>       </BILLALLOCATIONS.LIST>
       <INTERESTCOLLECTION.LIST>       </INTERESTCOLLECTION.LIST>
       <OLDAUDITENTRIES.LIST>       </OLDAUDITENTRIES.LIST>
       <ACCOUNTAUDITENTRIES.LIST>       </ACCOUNTAUDITENTRIES.LIST>
       <AUDITENTRIES.LIST>       </AUDITENTRIES.LIST>
       <INPUTCRALLOCS.LIST>       </INPUTCRALLOCS.LIST>
       <DUTYHEADDETAILS.LIST>       </DUTYHEADDETAILS.LIST>
       <EXCISEDUTYHEADDETAILS.LIST>       </EXCISEDUTYHEADDETAILS.LIST>
       <RATEDETAILS.LIST>       </RATEDETAILS.LIST>
       <SUMMARYALLOCS.LIST>       </SUMMARYALLOCS.LIST>
       <CENVATDUTYALLOCATIONS.LIST>       </CENVATDUTYALLOCATIONS.LIST>
       <STPYMTDETAILS.LIST>       </STPYMTDETAILS.LIST>
       <EXCISEPAYMENTALLOCATIONS.LIST>       </EXCISEPAYMENTALLOCATIONS.LIST>
       <TAXBILLALLOCATIONS.LIST>       </TAXBILLALLOCATIONS.LIST>
       <TAXOBJECTALLOCATIONS.LIST>       </TAXOBJECTALLOCATIONS.LIST>
       <TDSEXPENSEALLOCATIONS.LIST>       </TDSEXPENSEALLOCATIONS.LIST>
       <VATSTATUTORYDETAILS.LIST>       </VATSTATUTORYDETAILS.LIST>
       <COSTTRACKALLOCATIONS.LIST>       </COSTTRACKALLOCATIONS.LIST>
       <REFVOUCHERDETAILS.LIST>       </REFVOUCHERDETAILS.LIST>
       <INVOICEWISEDETAILS.LIST>       </INVOICEWISEDETAILS.LIST>
       <VATITCDETAILS.LIST>       </VATITCDETAILS.LIST>
       <ADVANCETAXDETAILS.LIST>       </ADVANCETAXDETAILS.LIST>
       <TAXTYPEALLOCATIONS.LIST>       </TAXTYPEALLOCATIONS.LIST>
      </ALLLEDGERENTRIES.LIST>
      <GST.LIST>      </GST.LIST>
      <STKJRNLADDLCOSTDETAILS.LIST>      </STKJRNLADDLCOSTDETAILS.LIST>
      <PAYROLLMODEOFPAYMENT.LIST>      </PAYROLLMODEOFPAYMENT.LIST>
      <ATTDRECORDS.LIST>      </ATTDRECORDS.LIST>
      <GSTEWAYCONSIGNORADDRESS.LIST>      </GSTEWAYCONSIGNORADDRESS.LIST>
      <GSTEWAYCONSIGNEEADDRESS.LIST>      </GSTEWAYCONSIGNEEADDRESS.LIST>
      <TEMPGSTRATEDETAILS.LIST>      </TEMPGSTRATEDETAILS.LIST>
      <TEMPGSTADVADJUSTED.LIST>      </TEMPGSTADVADJUSTED.LIST>
      <GSTBUYERADDRESS.LIST>      </GSTBUYERADDRESS.LIST>
      <GSTCONSIGNEEADDRESS.LIST>      </GSTCONSIGNEEADDRESS.LIST>
     </VOUCHER>
    </TALLYMESSAGE>
   </REQUESTDATA>
  </IMPORTDATA>
 </BODY>
</ENVELOPE>
